2456 3747
1226 525 52 5 —
1308 502 52 41 94
1388 525 53 6 —

712 617 63 39 13.
809 617 260 51 Quaouques
1085 617 123 52 jours
1226 618 125 52 après
1371 619 72 41 lou
1474 629 80 41 pus
1582 618 172 52 jouines
1787 618 224 51 d’aquelles

658 679 121 41 efans
800 680 144 50 quand
970 683 87 48 aget
1081 682 92 39 tout
1192 681 217 51 raspaliat,
1430 683 90 40 s’en
1540 684 98 39 anet
1658 681 97 42 dins
1787 682 229 50 l’estrange

657 744 94 50 païs
769 745 68 50 pla
858 745 105 48 lion,
988 747 40 38 et
1047 745 57 41 lai
1131 746 193 41 fricasset
1356 748 94 41 tout
1482 757 76 31 sen
1585 746 138 52 déqué
1752 756 54 31 en
1834 746 182 51 bisquen

658 817 80 30 cou
746 817 67 31 me
833 817 58 30 un
913 807 188 42 libertin.

711 871 65 39 14.
810 871 151 47 Quand
983 874 95 48 aget
1098 873 93 40 tout
1216 873 152 50 acabat,
1396 873 158 42 arribet
1576 883 85 31 una
1682 872 335 52 grandafamina

658 934 99 41 dine
776 936 125 49 aquel
922 937 93 50 païs
1035 938 41 39 et
1097 937 38 40 el
1154 940 251 38 coumencet
1426 936 23 41 à
1468 938 99 50 pati.

712 997 62 40 15.
810 997 97 41 S’en
930 1000 100 39 anet
1058 999 41 40 et
1128 1008 46 31 se
1202 999 178 50 louguet
1417 1000 172 40 amb’un
1627 999 186 52 bourgés
1850 1000 168 52 d’aquel

660 1060 93 51 païs
773 1071 84 40 que
877 1061 259 53 l’embouyet
1156 1061 22 41 à
1200 1072 46 31 sa
1266 1062 120 41 boria
1407 1073 75 41 per
1502 1064 131 50 garda
1652 1064 97 41 tous
1773 1075 137 39 porcs.

713 1126 62 40 16.
808 1126 49 40 Et
877 1125 123 42 aurio
1022 1127 68 50 pla
1118 1127 129 41 aimat
1279 1127 52 40 de
1362 1128 155 51 rampli
1551 1138 111 32 soun
1694 1127 149 42 bentre
1875 1128 51 40 de
1954 1128 66 41 los

659 1189 198 51 petoufos
877 1201 83 40 que
980 1191 97 41 lous
1099 1201 122 41 porcs
1248 1191 275 52 mangeabon,
1552 1194 41 39 et
1614 1201 238 42 pressoune
1884 1202 55 42 ny
1966 1202 52 30 en

659 1253 202 42 dounabo
883 1264 52 41 pa
954 1253 90 52 gés.

716 1320 62 38 17.
811 1318 121 41 Anfin
959 1321 146 39 rentra
1126 1329 52 30 en
1202 1318 38 42 él
1261 1318 139 42 même
1421 1322 41 38 et
1482 1330 45 30 se
1548 1320 65 40 dis
1630 1331 7 28 :
1663 1320 194 45 Quanses
1878 1331 25 39 y
1924 1329 23 30 o
1970 1318 51 41 de

659 1382 160 41 barlets
840 1383 99 41 dine
960 1384 215 40 l’oustaou
1196 1384 51 40 de
1262 1394 131 30 moun
1411 1383 311 52 pèraquefoou
1742 1383 279 42 sounsadoul

661 1444 52 41 dé
734 1454 82 42 pan
839 1448 42 38 et
896 1455 109 42 yeou
1030 1445 78 41 aïci
1130 1446 125 40 crebe
1275 1446 52 41 de
1346 1446 71 39 fan
1436 1448 8 37 !

713 1513 65 39 18.
810 1511 120 42 Aneu
952 1521 119 30 noun
1089 1511 85 40 ban
1195 1512 152 40 trouba
1364 1523 131 30 moun
1513 1522 95 41 pera
1628 1514 40 38 et
1686 1522 50 42 ye
1751 1512 91 41 dire
1860 1523 7 29 :
1892 1512 127 40 Moun

660 1583 104 42 pera
788 1574 38 40 ai
854 1574 204 41 ouffensat
1082 1575 71 39 lou
1176 1574 80 40 ciel
1277 1576 42 40 et
1338 1574 108 41 bous
1462 1575 40 38 aï
1528 1574 217 41 ouffensat.

712 1638 66 40 19.
812 1638 88 40 Sioï
922 1642 76 47 pas
1024 1649 80 40 pus
1136 1638 132 42 dinne
1306 1649 84 40 que
1426 1639 222 51 m’agayou
1688 1646 154 33 couma
1883 1636 135 42 bostre

661 1698 113 50 éfan,
798 1700 112 41 fasés
928 1700 51 42 de
999 1710 107 42 yeou
1128 1710 155 31 couma
1304 1700 101 41 d’un
1426 1700 52 41 de
1498 1700 163 41 bostres
1686 1699 174 41 barlets.

713 1775 65 39 20.
812 1776 52 40 Se
886 1774 92 42 léba
1001 1778 40 38 et
1058 1775 89 41 s’en
1168 1775 69 40 bai
1259 1775 153 41 trouba
1430 1785 111 30 soun
1563 1784 101 42 pera
1682 1786 8 29 :
1722 1774 111 41 n'éra
1873 1774 142 40 incaro

659 1839 67 50 pla
749 1839 89 40 lion
857 1852 9 37 ;
889 1850 111 30 soun
1023 1849 100 41 pera
1144 1840 72 40 lou
1239 1839 123 51 beget
1382 1841 40 39 et
1440 1840 72 40 lou
1535 1840 217 51 planguet,
1775 1839 40 51 ly
1840 1838 176 48 courris,

660 1903 266 51 l’embrassa,
949 1905 71 40 lou
1043 1913 135 40 sarra,
1201 1905 73 39 lou
1296 1914 153 40 mange
1470 1904 51 40 de
1543 1905 200 49 poutous.

710 1978 66 41 21.
810 1977 140 42 L’efan
971 1989 52 41 ye
1043 1978 65 41 dis
1126 1989 7 29 :
1158 1980 126 39 Moun
1319 1987 102 41 pera
1452 1977 38 40 ai
1520 1977 213 41 ouffensat
1760 1977 72 40 lou
1869 1976 79 40 ciel
1983 1978 41 39 et

659 2041 108 41 bous
790 2042 38 41 ai
849 2043 227 50 ouffensat,
1100 2042 81 43 sioï
1204 2052 75 42 pas
1300 2053 85 41 pus
1399 2042 131 41 dinne
1535 2041 85 52 qué
1634 2041 216 52 m'agayou
1869 2050 150 32 couma

662 2104 145 43 bostre
829 2105 111 42 éfan.

712 2173 66 39 22.
810 2172 194 41 Aladoun
1032 2173 73 40 lou
1139 2181 101 42 pera
1273 2172 64 40 dis
1369 2171 22 40 à
1422 2182 103 30 sous
1561 2170 313 51 doumestiquas
1896 2181 8 29 :
1937 2170 87 41 bite

661 2238 173 48 pourtas
858 2246 103 31 sous
983 2236 208 51 premiers
1212 2234 230 42 bestiméns
1476 2237 41 39 et
1546 2234 157 40 habilia
1734 2235 70 39 lou
1825 2246 8 36 ;
1870 2236 153 39 mettez

662 2309 51 42 ye
735 2310 58 29 un
819 2300 131 41 anelai
973 2301 38 39 ai
1033 2300 69 41 det
1124 2302 40 39 et
1184 2300 51 40 de
1257 2299 185 41 souliers
1464 2309 46 30 as
1530 2298 91 53 pés.

713 2363 65 39 23.
811 2365 144 40 Menas
976 2362 121 43 atabé
1118 2374 59 29 un
1198 2363 127 41 budel
1347 2363 68 51 pla
1436 2372 98 41 gras
1554 2364 40 39 et
1620 2364 72 38 tua
1714 2362 71 39 lou
1805 2371 9 38 ;
1850 2358 172 54 menjen

664 2430 43 39 et
727 2429 175 50 regalen
925 2439 125 30 nous.

715 2493 65 40 24.
812 2493 108 51 Aqui
939 2506 26 39 y
987 2494 38 40 ai
1047 2504 58 29 un
1127 2492 96 42 éfan
1244 2490 147 54 qu’éra
1414 2493 110 39 mort
1545 2493 97 40 etes
1657 2490 210 50 rebéngut
1883 2501 9 38 ;
1915 2488 109 42 s’éra

664 2558 155 51 perdut
838 2561 42 38 et
897 2559 82 41 s’es
998 2558 153 41 trouba
1170 2570 7 28 :
1202 2568 46 31 se
1269 2558 194 41 meteron
1484 2557 118 41 doun
1624 2556 21 39 à
1664 2565 46 31 se
1732 2556 158 49 regala.

717 2625 67 40 25.
816 2625 86 40 Son
930 2625 109 41 aïnat
1062 2634 72 31 era
1157 2625 38 38 aï
1213 2633 103 39 can;
1340 2623 130 41 reben
1492 2625 41 38 et
1550 2631 153 31 couma
1725 2620 301 52 s’approujaba

667 2689 52 41 de
737 2689 212 41 l’oustaou
972 2688 129 43 éntén
1124 2699 85 31 une
1230 2688 161 51 granda
1412 2686 253 53 symphonie
1686 2687 41 39 et
1748 2685 51 40 de
1820 2685 169 39 dansas.

719 2753 67 41 26.
819 2754 144 40 Sonna
982 2753 116 41 doun
1120 2763 58 29 un
1201 2753 130 41 barlet
1355 2755 42 39 et
1415 2762 51 41 ye
1486 2750 210 41 demanda
1718 2749 51 41 de
1787 2747 119 51 qu’és
1938 2749 90 38 tout

668 2827 90 32 aco.

721 2883 65 40 27.
820 2884 86 40 Lou
930 2882 135 41 barlet
1096 2891 51 42 ye
1173 2890 158 43 respon
1349 2891 8 30 :
1390 2879 149 41 Bostre
1571 2878 113 41 frero
1718 2887 46 31 es
1796 2875 161 51 bengut
1989 2875 41 40 et

2441 2139 15 39 P

2440 2201 15 31 e

2437 2266 14 31 S

2435 2394 18 32 a

2432 2462 20 41 p

2431 2517 21 42 di

2428 2646 27 44 fa

2426 2712 26 45 be

2423 2855 33 40 pa
