2534 3729
1258 539 52 5 —
1339 515 52 39 30
1420 539 53 5 —

683 629 73 40 bin
779 630 95 41 aivo
895 630 75 42 des
989 632 153 41 fennes
1164 631 164 52 prejues
1358 633 172 49 reveni,
1564 644 78 31 vos
1675 635 38 40 ai
1747 634 104 42 tuait
1883 636 41 40 lo
1951 637 92 40 veis

688 694 123 51 gréci.

736 758 64 38 31.
831 758 50 38 Et
901 757 41 40 lo
963 757 102 51 père
1086 758 127 40 diait:
1239 759 93 40 Mon
1355 758 68 42 fils
1452 769 78 31 vos
1559 760 84 41 etié
1676 761 93 41 aide
1802 761 120 41 aivos
1956 763 88 40 moi

682 822 41 39 et
743 824 42 38 to
811 831 42 38 ço
878 821 73 50 qui
973 821 39 40 ai
1035 831 22 30 a
1079 822 39 40 ai
1138 833 92 30 vos.

738 884 56 43 32.
830 884 103 41 Mais
952 897 26 39 y
995 884 128 53 fayait
1144 886 105 40 faire
1269 886 45 40 in
1336 886 126 41 festin
1484 890 41 39 et
1544 897 46 31 se
1611 888 172 52 rejoyié,
1813 898 71 31 car
1919 892 122 39 votre

681 948 112 42 frère
814 948 102 41 était
937 960 128 31 moue
1086 952 41 40 et
1148 951 38 39 ai
1207 951 54 40 l’a
1281 951 226 41 rechucitai
1531 963 9 38 ;
1564 955 42 39 et
1625 952 145 42 l’étuet
1791 953 122 52 preju
1934 957 42 38 et
2005 955 40 39 ai

685 1011 54 40 l’a
764 1012 194 41 retrovai.

681 1189 222 34 Traduction
930 1191 45 32 de
1006 1192 37 31 la
1075 1192 176 32 Parabole
1283 1192 45 32 de
1360 1192 155 33 l’Enfant
1545 1192 200 42 Prodigue,
1782 1202 46 23 en
1857 1194 124 41 patois,
2002 1195 45 31 de

764 1243 219 43 Giromagny
997 1244 170 42 (Alsace),
1187 1246 162 41 envoyée
1365 1255 66 32 par
1448 1246 44 32 M.
1511 1246 192 41 Richard,
1724 1247 65 32 des
1809 1246 152 41 Vosges.

737 1345 64 38 il.
834 1344 48 39 In
902 1344 160 40 houme
1083 1353 78 31 ava
1181 1344 85 41 dou
1289 1344 178 41 boubes.

734 1406 66 40 12.
832 1406 31 38 A
885 1407 40 39 lo
946 1418 57 39 pu
1021 1406 106 51 june
1148 1407 61 41 dit
1231 1406 21 40 à
1274 1417 78 30 son
1377 1407 140 51 paire:
1542 1417 98 30 mon
1677 1407 118 50 paire
1828 1406 122 51 bayie
1980 1417 67 30 me

681 1480 77 41 pas
779 1471 53 51 dy
853 1471 99 39 bain
976 1482 83 39 que
1080 1482 68 30 me
1168 1472 142 40 revint
1331 1474 41 38 et
1393 1482 77 31 son
1497 1471 99 51 père
1618 1472 55 52 l’y
1689 1471 152 40 baillit.

736 1535 65 37 13.
836 1534 216 50 Quaiques
1067 1533 126 52 joues
1215 1532 119 53 aprét
1354 1535 40 39 lo
1416 1546 57 39 pu
1490 1533 107 52 junë
1627 1537 127 48 ayant
1773 1542 191 31 ramessa
1986 1535 62 39 tôt

680 1606 48 31 ce
750 1597 115 50 qu’al
888 1606 94 41 ava,
1005 1598 143 50 patehi
1171 1607 21 30 a
1214 1608 78 30 son
1316 1597 215 41 arradans
1549 1598 44 39 in
1611 1597 119 52 payis
1747 1597 100 39 bain
1864 1595 183 52 éloignié

684 1672 54 29 ou
764 1671 22 30 a
809 1662 165 51 mingea
1003 1665 39 38 to
1063 1673 48 30 ce
1131 1663 113 49 qu’al
1266 1672 78 31 ava
1366 1671 54 30 an
1438 1662 147 40 vivant
1604 1661 108 40 dans
1731 1661 41 39 la
1790 1659 201 42 débâche.

738 1728 64 40 14.
838 1728 150 45 Quand
1010 1728 38 39 al
1071 1737 80 30 avu
1173 1729 41 38 to
1235 1726 160 51 mingie
1416 1737 22 29 a
1458 1739 26 39 y
1516 1735 21 30 a
1572 1736 191 30 survenu
1797 1735 54 31 ne
1877 1725 170 41 famene

681 1792 107 41 dans
809 1793 40 40 le
871 1793 119 51 payis
1009 1793 40 39 la
1071 1794 40 39 et
1133 1802 22 29 a
1182 1801 233 41 quemonça
1437 1791 52 41 de
1507 1791 138 41 sontir
1664 1791 41 39 lo
1727 1790 134 40 besoi.

734 1859 66 38 15.
831 1858 31 39 A
883 1868 79 30 son
986 1868 96 30 arra
1103 1858 85 39 don
1210 1859 41 39 et
1272 1867 45 31 se
1347 1857 147 51 piaidit
1514 1866 75 31 ves
1616 1855 90 41 schi
1737 1866 58 29 un
1826 1855 74 40 des
1930 1854 110 43 habi-

681 1922 98 38 tans
800 1920 53 52 dy
875 1921 120 51 payis
1017 1931 22 30 a
1065 1921 130 42 cetuci
1224 1922 189 51 l'onvoya
1437 1921 108 41 dans
1564 1930 46 31 sa
1629 1919 142 53 majon
1798 1920 52 41 de
1868 1920 173 50 campai-

684 1995 82 41 gne
789 1996 53 40 po
864 1986 152 51 voigea
1034 1987 63 40 les
1119 1997 91 40 pos.

739 2052 63 39 16.
834 2051 46 39 Al
903 2061 78 31 ava
1003 2051 99 40 bain
1122 2051 74 40 viu
1223 2050 222 52 ompienni
1475 2060 79 30 son
1584 2051 153 39 vontre
1766 2048 75 41 des
1878 2047 170 42 écosses

680 2126 85 40 que
787 2115 288 50 maingeaient
1099 2115 63 40 les
1184 2113 77 52 pôs
1284 2124 91 31 mas
1395 2114 122 40 n’uin
1540 2124 54 30 ne
1614 2114 29 38 li
1665 2123 55 30 on
1742 2111 162 41 baillât.

733 2180 64 39 17.
830 2180 87 39 Mas
937 2179 116 41 étant
1075 2182 147 38 rentra
1245 2190 56 29 on
1323 2179 43 39 lu
1389 2177 140 41 même
1550 2187 23 30 a
1593 2177 103 51 dijet
1714 2188 7 28 :
1753 2176 131 40 Cobin
1906 2187 23 40 y
1963 2175 83 41 étai

681 2242 51 42 de
752 2244 122 40 valas
893 2254 76 30 vez
992 2244 89 40 schi
1101 2254 101 30 mon
1224 2244 120 50 paire
1365 2246 138 48 quont
1520 2242 42 40 di
1583 2242 100 51 pain
1705 2243 92 39 tant
1810 2241 98 50 qu’a
1922 2240 126 42 vions

682 2310 41 39 et
745 2308 85 40 moi
852 2321 25 39 y
898 2319 96 29 meu
1016 2308 83 41 toci
1120 2308 52 41 de
1192 2308 103 40 fain.

732 2372 65 39 18.
834 2372 15 39 I
872 2382 68 30 me
960 2372 173 52 leveray
1152 2383 25 40 y
1198 2372 115 40 m’on
1335 2371 91 53 iray
1446 2372 121 40 trova
1597 2380 101 30 mon
1731 2368 117 51 paire
1880 2369 41 39 et
1953 2379 25 40 y
2008 2368 40 51 ly

678 2434 94 40 dira
791 2445 7 29 :
824 2435 95 40 Mon
945 2435 118 50 paire
1084 2447 24 39 y
1130 2445 22 29 a
1174 2433 132 53 péché
1328 2437 149 37 contre
1498 2435 40 38 lo
1561 2432 86 42 scié
1668 2435 41 38 et
1728 2434 149 38 contre
1896 2440 66 31 vo.

737 2499 63 40 19.
832 2499 33 39 Y
886 2509 55 30 ne
975 2509 76 31 seu
1092 2509 75 41 pez
1203 2499 128 50 digne
1371 2500 147 38 astour
1551 2496 130 41 d’être
1718 2495 165 52 appella
1921 2495 126 40 veute

682 2563 141 40 boube
845 2565 109 39 trate
975 2574 68 30 me
1062 2562 156 51 mâque
1238 2564 218 39 comment
1476 2572 58 30 un
1556 2561 52 41 de
1627 2571 106 30 veus
1754 2560 132 40 valas.

735 2628 65 40 20.
832 2627 31 39 A
886 2638 45 30 se
952 2628 94 40 leva
1068 2627 85 40 don
1172 2629 41 39 et
1233 2638 78 29 son
1335 2637 96 30 arra
1451 2628 122 38 trova
1594 2636 78 30 son
1689 2625 118 50 paire
1823 2624 223 50 àquemon

684 2691 114 50 qu’al
821 2693 64 38 eta
908 2691 150 41 oncoir
1078 2691 87 50 loig
1199 2691 50 40 de
1283 2692 122 44 l’ota,
1440 2700 78 30 son
1554 2689 118 51 paire
1704 2688 72 41 fet
1812 2698 56 29 vu
1908 2688 41 38 et
1984 2686 64 42 fut

684 2755 162 41 toutchi
867 2755 52 41 de
939 2753 113 53 pidié
1071 2756 38 39 al
1131 2764 24 30 a
1174 2755 72 40 fua
1268 2753 23 41 à
1311 2754 158 41 devant
1487 2754 51 41 de
1558 2754 45 39 lu
1637 2755 41 38 et
1708 2761 45 31 sa
1787 2751 202 49 schampa
2024 2749 22 39 à

684 2831 79 30 son
786 2831 113 40 queu
921 2823 42 38 et
984 2830 22 30 a
1027 2819 285 42 l’ombrassie.

735 2886 66 40 21.
833 2886 29 39 E
884 2896 78 30 son
984 2885 141 41 boube
1144 2885 41 51 ly
1205 2883 125 43 édit:
1355 2883 95 41 Mon
1473 2881 117 52 paire
1622 2892 25 40 y
1681 2890 23 30 a
1732 2878 131 53 péché
1894 2880 150 40 contre
