2433 3783
1197 549 53 6 —
1284 528 75 40 160
1389 550 53 5 —

1909 607 97 35 Pages.

648 650 178 36 Parabole
841 650 44 35 de
899 650 163 35 l’Enfant
1073 650 179 46 prodigue
1265 662 45 24 en
1323 652 117 45 patois
1454 652 44 35 de
1510 653 166 35 Pamiers
1691 653 149 45 (Ariége)
1965 655 45 34 74

645 698 60 35 Ici.
728 698 55 34 En
801 698 118 46 patois
941 698 44 34 de
1005 698 262 35 Saint-Girons
1290 699 159 46 (Ariége)
1965 701 45 34 76

645 745 59 35 Ici.
728 756 46 24 en
795 745 117 46 patois
932 745 46 34 du
999 745 256 45 département
1275 746 44 34 de
1335 746 35 34 la
1388 747 316 36 Haute-Garonne
1965 748 45 35 78

645 792 59 35 Id.
729 803 46 24 en
796 792 118 46 patois
934 792 45 34 de
1001 792 342 35 l’arrondissement
1359 793 44 35 de
1421 794 89 34 Foix
1532 795 158 45 (Ariége)
1965 795 45 35 80

644 839 59 35 Id.
728 850 45 23 en
794 840 117 46 patois
930 839 45 34 de
995 839 219 35 l’extrémité
1235 840 44 34 de
1299 840 344 37 l’arrondissement
1661 842 45 34 de
1724 842 90 34 Foix
1832 872 7 7 .
1964 842 46 34 82

645 887 58 34 Id.
729 897 45 24 en
797 887 135 44 langue
953 887 164 34 catalane
1137 886 64 35 des
1222 887 409 45 Pyrénées-Orientales
1964 889 46 35 83

645 934 58 35 Id.
726 944 47 24 en
793 934 117 46 patois
933 934 184 34 normand
1138 934 49 34 du
1207 945 86 35 pays
1319 934 158 35 d'Ouche
1503 936 125 44 (Eure)
1964 936 45 35 85

644 981 58 35 Id.
728 992 46 24 en
793 981 116 46 patois
930 981 45 34 de
996 981 252 35 Carcassonne
1269 982 131 45 (Aude)
1965 983 46 34 90

644 1028 58 35 Id.
727 1039 46 23 en
795 1028 118 46 patois
935 1028 139 45 d’Agde
1095 1029 180 44 (Hérault)
1968 1029 40 42 92

644 1075 58 35 Id.
726 1086 46 24 en
794 1076 117 45 patois
932 1075 44 34 de
995 1075 144 35 Lodève
1162 1076 179 45 (Hérault)
1964 1076 47 36 93

644 1123 57 34 Ici.
725 1134 46 23 en
792 1123 117 46 patois
931 1122 49 34 du
1000 1122 257 46 département
1277 1123 49 35 du
1347 1124 96 34 Tarn
1963 1124 47 35 95

644 1170 57 35 Id.
726 1181 46 24 en
792 1170 116 46 patois
929 1169 49 35 du
1000 1169 256 46 département
1275 1171 44 34 de
1340 1170 34 35 la
1394 1172 136 34 Lozère
1964 1171 45 34 97

643 1218 57 34 Id.
725 1229 46 23 en
791 1217 117 46 patois
931 1217 45 34 de
996 1217 235 45 Montpellier
1254 1218 178 45 (Hérault)
1963 1217 46 36 99

643 1265 58 35 Id.
725 1276 45 23 en
792 1265 116 45 patois
928 1264 64 34 des
1013 1264 173 34 environs
1208 1265 49 33 du
1277 1266 78 44 Puy
1376 1266 274 45 (Haute-Loire)
1939 1265 66 34 101

642 1313 57 33 Id.
724 1323 46 23 en
789 1311 117 46 patois
926 1311 44 34 de
990 1311 126 35 Privas
1138 1311 196 45 (Ardèche)
1939 1312 70 34 102

642 1360 57 34 Id.
724 1370 46 24 en
790 1359 117 46 patois
928 1359 44 34 de
993 1359 346 35 l’arrondissement
1357 1360 220 47 d’Annonay
1596 1361 238 45 (Ardèche)..
1938 1359 70 34 104

641 1407 57 34 Id.
723 1417 46 24 en
791 1406 117 46 patois
930 1406 45 34 de
997 1406 148 35 Nismes
1169 1406 126 45 (Gard)
1938 1406 69 35 106

640 1455 58 34 Id.
722 1465 46 23 en
789 1453 116 47 patois
926 1453 129 35 d’Uzès
1077 1453 125 44 (Gard)
1937 1453 69 35 108

639 1502 59 34 Id.
722 1512 44 24 en
788 1501 116 46 patois
926 1500 49 35 du
996 1500 163 45 quartier
1178 1500 44 35 de
1242 1500 224 46 Saint-Jean,
1489 1503 20 33 à
1528 1503 184 34 Marseille
1936 1500 69 35 109

639 1549 57 34 Id.
721 1560 45 23 en
785 1548 197 46 provençal
1002 1548 50 34 du
1068 1547 255 46 département
1340 1548 50 35 du
1409 1550 75 34 Var
1935 1548 64 34 111

638 1596 57 35 Id.
723 1606 56 25 en
798 1597 115 44 patois
932 1585 201 54 d'Avignon
1152 1596 205 44 (Vaucluse)
1930 1594 72 37 113

638 1643 57 35 Id.
719 1654 45 23 en
789 1644 117 45 patois
927 1642 50 35 du
997 1642 89 34 Buis
1111 1643 162 44 (Drôme)
1933 1642 70 34 114

638 1691 58 34 Id.
719 1702 46 23 en
786 1690 117 46 patois
924 1690 45 34 de
983 1690 127 45 Nyons
1127 1689 163 44 (Drôme)
1933 1689 69 34 116

638 1738 58 34 Id.
720 1749 46 23 en
787 1737 117 46 patois
924 1737 50 34 du
996 1740 134 31 canton
1151 1737 45 34 de
1216 1737 161 36 Cadenet
1399 1739 210 44 (Vaucluse)
1931 1736 70 35 118

638 1785 58 35 Id.
720 1796 46 24 en
785 1785 117 46 patois
922 1785 44 34 de
986 1784 159 35 Valence
1168 1785 163 45 (Drôme)
1932 1783 70 34 120

638 1833 58 34 Id.
721 1844 46 23 en
786 1832 116 46 patois
923 1832 45 34 de
987 1831 65 35 Die
1072 1832 163 45 (Drôme)
1932 1830 66 34 121

638 1880 58 35 Id.
719 1891 47 23 en
786 1880 116 45 patois
923 1879 45 34 de
988 1879 77 45 Gap
1086 1879 297 46 (Hautes-Alpes)
1933 1877 69 35 123

638 1926 58 37 Id.
720 1938 47 23 en
786 1927 117 46 patois
926 1927 44 34 de
991 1926 296 45 Saint-Maurice,
1311 1930 135 31 canton
1466 1927 49 35 du
1932 1925 69 34 125

638 1974 58 36 Id.
722 1985 45 24 en
788 1974 118 46 patois
927 1973 160 47 broyard
1107 1974 99 45 (pays
1229 1974 45 34 de
1294 1974 121 45 Broie)
1932 1971 69 35 126

638 2021 59 36 Id.
722 2033 46 23 en
787 2021 117 46 patois
925 2021 45 34 de
987 2021 35 34 la
1039 2025 199 41 montagne
1259 2021 44 35 de
1320 2021 140 45 Diesse,
1484 2025 134 32 canton
1634 2022 45 35 de
1697 2023 136 33 Berne.
1933 2019 69 34 128

638 2068 57 37 Id.
721 2080 45 24 en
788 2070 135 44 langue
942 2068 164 35 catalane
1933 2066 70 35 130

638 2116 57 36 Id.
719 2127 46 24 en
785 2117 117 45 patois
924 2116 45 35 de
989 2116 212 44 Montreux,
1225 2120 134 31 canton
1381 2116 45 35 de
1445 2116 105 35 Vaud
1933 2113 66 35 131

638 2162 56 37 Id.
721 2175 47 23 en
786 2165 154 44 langage
957 2164 172 45 génevois
1934 2160 69 35 133

637 2210 58 37 Id.
720 2222 46 24 en
786 2212 117 45 patois
924 2211 50 35 du
995 2215 134 31 canton
1150 2211 44 34 de
1215 2211 119 45 Seyne
1357 2212 288 45 (Basses-Alpes)
1933 2208 70 34 135

637 2259 59 36 Id.
719 2270 47 23 en
786 2259 153 34 dialecte
960 2259 44 34 de
1023 2258 33 35 la
1075 2258 333 45 Haute-Engadine,
1430 2262 134 31 canton
1581 2258 64 35 des
1660 2259 171 36 Grisons.
1934 2255 69 35 136

636 2306 58 35 Id.
719 2318 46 23 en
787 2307 154 34 dialecte
961 2306 45 34 de
1023 2306 34 34 la
1077 2306 333 45 Basse-Engadine,
1432 2309 133 31 canton
1582 2306 63 34 des
1660 2306 171 36 Grisons.
1934 2302 69 35 138

636 2354 57 35 Id.
718 2365 44 24 en
783 2354 119 46 patois
923 2353 137 35 d’Alais
1081 2353 126 45 (Gard)
1934 2349 70 35 140

635 2401 59 35 Id.
720 2412 45 24 en
785 2401 118 45 patois
923 2411 131 24 roman
1076 2400 45 35 de
1142 2400 197 45 Gruyères,
1362 2404 133 31 canton
1517 2400 44 35 de
1577 2401 183 44 Fribourg
1777 2429 54 8 ...
1934 2397 69 34 142

635 2449 59 34 Id.
718 2460 46 23 en
784 2449 153 45 langage
961 2448 162 46 poitevin
1145 2448 45 34 de
1209 2448 279 34 Saint-Maixent
1509 2448 320 44 (Deux-Sèvres)..
1933 2444 70 34 144

635 2496 59 35 Id.
717 2507 46 24 en
781 2497 119 45 patois
919 2496 45 34 de
985 2495 165 35 l’arrond
1153 2495 9 25 1
1180 2495 45 34 de
1252 2495 198 35 Castellane
1476 2495 353 46 (Basses-Alpes)...
1933 2491 69 35 146

634 2543 58 35 Id.
718 2554 45 24 en
785 2544 118 45 patois
924 2544 50 34 du
995 2546 125 31 centre
1141 2542 45 35 de
1205 2543 34 34 la
1262 2542 228 35 Normandie
1933 2538 70 35 148

634 2590 57 35 Id.
718 2602 45 24 en
785 2591 153 35 dialecte
961 2591 44 34 de
1025 2590 184 35 Marseille
1231 2590 192 44 (Rhône)..
1933 2585 69 35 150

633 2638 59 35 Id.
716 2650 45 23 en
783 2639 116 44 patois
921 2638 128 45 génois
1071 2637 44 34 de
1135 2638 107 34 Mons
1261 2640 34 31 et
1317 2637 288 45 d'Escragnolles
1631 2638 99 43 (Var)
1752 2666 76 7 ....
1932 2633 66 34 151

633 2685 59 35 Id.
717 2697 46 23 en
784 2686 117 45 patois
922 2686 45 34 de
990 2685 154 43 Bienne,
1165 2688 134 31 canton
1320 2684 46 34 de
1383 2685 121 34 Berne
1932 2681 69 34 153

633 2733 58 35 Id.
716 2744 46 23 en
782 2734 118 45 patois
920 2733 46 34 de
989 2732 221 45 Courtelary,
1235 2735 134 31 canton
1390 2732 44 34 de
1454 2732 119 34 Berne
1932 2727 69 35 156

633 2779 60 37 Id.
719 2792 47 23 en
786 2781 117 45 patois
925 2781 45 34 de
993 2768 341 56 Montier-Granval,
1359 2782 134 32 canton
1511 2779 45 35 de
1579 2780 120 34 Berne
1931 2775 68 34 157
