2472 3718
1188 509 53 6 —
1272 487 78 41 132
1379 510 53 8 —

681 604 64 39 14.
767 602 127 53 Aprai
915 614 84 41 que
1019 604 57 40 lia
1097 615 79 30 sou
1200 606 39 40 lo
1260 605 215 52 dispensa,
1500 617 116 30 onna
1642 609 152 50 granta
1815 608 172 43 famena

628 676 216 41 survegna
864 677 54 31 en
939 666 76 42 s’ai
1033 678 103 41 pays
1156 667 132 52 inque
1312 671 32 39 et
1368 669 30 40 il
1419 670 210 42 kemincia
1653 671 22 39 à
1696 682 46 30 se
1760 673 120 39 trova
1902 672 82 41 den

629 730 40 40 la
692 732 194 49 poureta.

681 792 67 41 15.
771 792 117 42 Adan
910 793 29 41 il
969 794 89 42 s’en
1082 795 83 40 alla
1186 798 41 39 et
1259 797 200 40 servecha
1484 796 72 41 ion
1595 797 244 42 dis'habiten
1874 798 52 40 de
1951 797 37 42 ci

630 866 102 43 pays
764 856 126 49 inke,
924 867 84 41 que
1046 857 206 43 l'envouia
1290 869 75 31 sur
1397 858 46 43 sé
1475 860 97 41 bins
1614 871 78 41 por
1724 861 194 41 vouerda
1953 860 39 42 lé

630 930 174 42 pouers.

684 985 64 40 16.
770 986 50 40 Et
851 985 29 40 il
902 984 251 44 desiderave
1187 986 53 42 dé
1259 997 45 31 se
1337 988 186 41 rassasia
1552 988 41 40 di
1629 988 182 51 gouaffes
1850 999 84 40 que
1954 988 39 41 lé

631 1059 160 42 pouers
812 1050 253 50 medzivant,
1089 1051 68 40 mà
1178 1062 116 40 gnon
1315 1062 53 31 ne
1388 1052 57 40 lai
1467 1063 52 30 en
1541 1052 185 42 baillive.

688 1124 64 39 17.
776 1124 32 40 Il
826 1133 181 42 revegna
1042 1127 173 49 portant
1236 1136 53 31 en
1318 1125 30 40 li
1371 1126 130 41 mimo
1536 1128 40 39 et
1596 1125 94 52 déjà
1714 1138 7 29 :
1745 1136 164 31 vouero
1943 1126 52 42 dé

634 1186 132 42 dzens
785 1198 85 40 que
888 1188 70 41 l’ai
979 1188 40 42 ia
1040 1200 25 41 y
1087 1188 164 42 saléros
1270 1189 52 42 de
1350 1200 100 31 mon
1473 1190 118 51 paire
1610 1200 84 41 que
1726 1190 87 41 lian
1835 1191 52 41 de
1909 1200 84 42 pan

641 1249 320 51 abondemmen,
991 1254 41 38 et
1053 1261 67 31 me
1142 1252 196 41 mouairo
1359 1251 52 42 dé
1432 1252 82 40 fam
1539 1254 8 38 !

691 1314 63 40 18.
778 1314 32 39 Il
844 1313 68 42 mé
931 1313 120 51 lévri,
1075 1316 40 40 et
1148 1315 111 41 m’én
1294 1315 122 41 andri
1448 1326 100 31 vers
1581 1326 99 30 mon
1713 1316 118 51 paire
1863 1318 41 39 et
1936 1316 61 40 lai

638 1378 92 41 deri
755 1389 8 29 :
786 1378 94 41 Mon
900 1378 132 53 paire,
1057 1379 56 41 lié
1131 1379 107 52 pétzi
1261 1382 148 39 contre
1428 1381 40 40 le
1493 1381 84 40 bon
1599 1381 98 40 dieu
1720 1386 40 35 et
1780 1381 139 41 devan
1940 1383 56 39 te.

690 1445 63 39 19.
776 1444 49 41 Et
845 1443 29 41 il
897 1454 53 31 ne
968 1455 50 30 su
1040 1454 77 41 pas
1137 1444 130 51 digno
1300 1445 129 50 qu’on
1452 1445 67 42 mé
1542 1446 189 40 nommai
1764 1447 71 39 ton
1869 1444 96 43 valé
1987 1457 10 38 ;

637 1506 135 43 fa-mé
792 1506 154 43 kemen
970 1506 23 41 à
1013 1507 73 41 ion
1107 1506 53 42 dé
1179 1507 63 42 tés
1265 1508 149 40 auvrai
1440 1510 6 37 !

689 1573 65 39 20.
786 1572 129 41 Dinse
947 1571 84 41 dan
1065 1571 29 40 il
1115 1581 46 31 se
1191 1572 96 41 leva
1321 1574 41 39 et
1393 1582 139 41 vegna
1561 1583 98 31 vers
1691 1582 79 32 son
1803 1572 120 51 paire
1952 1574 42 39 et

637 1634 153 43 kemen
814 1635 70 41 lür
917 1645 150 32 oncora
1103 1645 56 30 on
1178 1635 85 42 bon
1297 1637 82 48 tro,
1399 1647 79 30 son
1503 1636 117 51 paire
1638 1637 43 40 le
1709 1647 50 31 ve
1781 1638 42 40 et
1852 1635 72 42 l’ai
1945 1646 55 32 en

637 1698 40 42 fe
698 1698 84 50 mô,
806 1700 42 40 et
867 1699 196 48 corecha,
1086 1698 218 41 s’acouilla
1325 1701 149 39 contre
1494 1709 78 31 son
1595 1709 79 31 cou
1698 1702 41 39 et
1758 1700 40 40 le
1818 1697 110 53 béja.

689 1776 66 40 21.
778 1775 63 41 Mà
860 1776 40 41 le
930 1776 97 41 vale
1046 1775 71 40 l’ai
1137 1774 95 53 déjà
1256 1787 7 29 :
1287 1777 94 40 Mon
1417 1775 131 52 paire,
1569 1774 56 42 lié
1643 1773 110 53 pétzi
1787 1776 149 40 contre
1958 1775 42 40 le

637 1837 85 42 bon
745 1838 99 42 dieu
865 1840 42 41 et
927 1838 157 43 dévant
1104 1840 40 41 te
1158 1851 9 38 ;
1181 1839 29 40 il
1233 1849 54 32 ne
1307 1850 50 30 su
1379 1849 76 41 pas
1476 1839 128 52 digno
1625 1838 130 52 qu’on
1778 1839 222 51 m’appelai

637 1904 74 40 ton
732 1903 111 41 valé.

687 1968 65 39 22.
776 1967 63 41 Mà
857 1969 40 40 le
917 1968 120 52 paire
1056 1968 94 51 déjà
1170 1968 22 40 à
1210 1967 58 42 sé’
1290 1969 229 40 servetaux
1537 1979 8 29 :
1564 1968 185 51 Apporta
1773 1967 67 41 mé
1861 1969 39 39 la
1919 1969 83 50 plie

635 2030 113 41 balla
765 2031 104 42 roba
889 2034 42 39 et
950 2032 82 41 l’en
1055 2032 148 50 reveti,
1228 2035 42 39 et
1290 2032 117 41 bailli
1427 2032 56 40 lai
1506 2041 115 31 onna
1648 2032 138 51 bagua
1808 2042 55 31 ou
1884 2032 70 41 dai
1978 2041 24 30 a

635 2093 41 41 di
695 2095 117 41 solàs
833 2094 12 41 i
868 2095 78 51 pis.

686 2159 66 39 23.
776 2159 47 40 Et
845 2168 154 33 amena
1033 2169 68 32 me
1118 2160 40 41 le
1192 2160 70 41 vai
1283 2169 99 42 gras
1413 2162 41 39 et
1474 2160 41 40 le
1548 2159 55 41 tia
1621 2170 9 38 ;
1657 2159 176 42 medzen
1869 2160 42 41 et
1930 2159 70 41 fen

636 2220 146 43 bouna
803 2222 121 41 tzira.

686 2287 66 40 24.
777 2288 217 50 Parceque
1015 2297 101 31 mon
1138 2286 94 42 valé
1253 2297 83 41 que
1356 2286 221 51 vaitinque
1595 2285 62 42 ire
1681 2295 127 32 moua
1828 2287 39 39 et
1889 2284 30 40 il
1942 2284 56 42 lié

635 2352 175 41 retorna
829 2362 54 31 en
905 2352 68 41 vie
988 2364 8 37 ;
1011 2352 31 40 il
1056 2352 63 41 ire
1141 2352 132 51 perdu
1290 2351 68 41 mà
1375 2351 30 40 il
1424 2350 57 42 lié
1502 2353 181 39 retrova.
1703 2351 49 40 Et
1767 2350 51 41 ils
1840 2350 164 42 kemin-

633 2415 121 41 ciran
778 2416 22 39 à
818 2415 88 42 fére
926 2415 145 41 bouna
1093 2416 119 41 tzira.

689 2482 65 40 25.
775 2482 63 39 Ma
860 2491 79 31 son
960 2480 96 42 valé
1077 2481 99 40 alna
1197 2480 63 42 ire
1280 2492 25 40 y
1323 2483 163 47 tzamps
1504 2482 41 39 et
1564 2479 164 41 kemetz
1744 2480 28 39 il
1795 2480 204 51 revagnai

633 2549 41 40 et
694 2558 84 41 que
797 2547 29 40 li
852 2546 244 52 approtzive
1117 2546 52 41 de
1189 2547 39 39 la
1262 2546 165 41 maison
1449 2545 29 40 il
1500 2545 203 43 entendia
1722 2546 41 40 la
1796 2546 203 51 musiqua

634 2618 42 40 et
695 2617 41 40 le
762 2615 172 41 danses.

687 2686 65 41 26.
775 2686 49 41 Et
846 2685 25 40 il
895 2685 88 41 cria
1004 2695 55 30 on
1082 2684 41 41 di
1144 2685 226 40 servetaux
1392 2685 41 39 et
1460 2682 69 41 l’ai
1552 2683 211 41 demanda
1793 2692 101 33 scen
1916 2693 87 41 que

636 2753 103 42 cire.

687 2824 66 40 27.
776 2823 111 41 Stice
904 2822 68 41 l’ai
993 2821 95 52 déjà
1112 2833 7 29 :
1144 2824 74 39 ton
1240 2821 112 41 frare
1374 2819 23 43 é
1417 2830 112 32 venu
1552 2821 42 41 et
1614 2822 72 38 ton
1709 2819 118 52 paire
1846 2828 23 31 a
1889 2819 57 41 tia
1966 2819 40 41 le

636 2886 67 41 vai
724 2897 98 41 gras
842 2896 126 42 parce
988 2896 85 41 que
1093 2885 53 41 l’a
1168 2893 198 34 recauvra
1392 2893 53 33 en
1467 2883 144 41 bouna
1635 2882 140 42 santé.
