2460 3838
993 490 5 7 •
1036 494 52 5 —
1121 473 19 37 7
1175 494 51 4 —

508 591 67 41 21.
607 590 40 40 Li
675 589 68 41 fils
761 590 40 51 ly
822 588 85 42 dit:
932 587 101 52 père
1050 588 57 51 j'a
1137 589 151 51 petchy
1314 591 124 38 conte
1469 589 27 39 li
1523 599 74 41 cyr
1626 591 40 39 et
1695 591 125 39 conte

457 665 92 39 vos,
575 654 24 51 ji
626 653 39 40 n’
687 653 151 42 mérite
862 663 80 40 pus
964 652 73 50 qui
1057 663 79 29 vos
1156 652 276 42 m’ioumesse
1452 663 77 31 vos
1549 652 83 42 fils.

509 718 66 39 22.
608 717 45 40 Li
675 717 100 51 père
796 715 118 41 houk
935 725 67 31 ses
1024 714 150 42 vârlets
1196 717 41 39 et
1265 716 62 41 les
1355 728 25 39 y
1412 716 61 41 dit
1489 728 8 27 :
1531 717 130 51 abeye
1690 717 131 49 qu’on

457 782 187 50 z’aporte
665 780 30 40 li
717 789 204 43 prumyre
948 779 103 41 robe
1084 781 41 39 et
1152 780 129 50 qu’on
1314 781 41 50 ly
1388 791 200 38 mousse,
1623 781 128 50 qu’on
1782 782 41 51 ly

459 849 128 39 mette
602 846 72 40 ine
695 846 138 50 bague
853 844 23 41 è
896 845 166 50 s’deugt
1082 847 42 39 et
1140 845 74 41 des
1235 844 114 42 solés
1366 846 139 40 d’vins
1523 856 68 31 ses
1612 857 90 41 pys.

508 911 66 39 23.
606 909 178 41 Prindez
807 918 56 31 on
885 908 72 41 crâ
977 909 84 48 vai,
1090 907 191 50 touwé’l,
1304 909 73 50 qui
1411 920 80 30 nos
1520 920 234 40 magnanse
1783 913 40 38 et

459 973 254 51 qu'nos-nos
738 971 294 41 d’vertihanse.

509 1037 66 39 24.
608 1037 129 39 Parce
758 1035 73 51 qui
853 1034 126 41 m’fils
1009 1034 200 51 quésteut
1241 1035 111 41 moir
1382 1039 64 38 est
1478 1036 201 50 raviqué,
1719 1036 104 52 qu’il

458 1104 139 40 esteut
617 1101 177 51 pierdou
817 1104 40 39 et
878 1101 104 50 qu’il
1004 1103 64 38 est
1088 1099 158 43 r’trové
1265 1103 41 39 et
1330 1100 99 43 volà
1447 1102 129 50 qu’on
1600 1112 153 41 magne
1774 1113 48 31 so

462 1167 59 38 tôt
541 1175 69 30 ses
631 1164 130 40 dints.

511 1230 66 40 25.
609 1229 121 41 Awet
751 1228 123 49 mais,
894 1227 29 39 li
946 1237 80 41 pus
1046 1239 54 40 vy
1119 1227 75 41 des
1223 1227 69 41 fils
1320 1229 213 49 qu’esteut
1566 1228 23 41 à
1621 1231 199 50 champs,

459 1293 130 41 r’vint
609 1295 41 39 et
669 1292 128 41 kwan
822 1292 30 39 il
872 1293 63 40 est
957 1291 60 41 tôt
1034 1290 100 52 près
1153 1291 52 42 de
1226 1291 249 44 l’mohonne
1493 1293 30 40 il
1544 1293 25 41 ô
1599 1293 153 42 chanté
1783 1295 43 40 et

461 1353 214 52 musiqué.

512 1417 65 39 26.
612 1417 15 39 I
645 1415 144 41 houke
809 1415 88 41 onk
916 1415 75 41 des
1010 1414 161 43 vârlets
1191 1417 40 40 et
1245 1416 40 52 ly
1303 1416 211 42 demande
1531 1427 81 39 çou
1630 1418 189 51 qu’çoula

462 1483 105 38 vont
587 1480 106 41 dire.

513 1546 66 40 27.
613 1545 42 40 Ci
678 1545 81 40 cial
779 1545 42 52 ly
842 1544 84 42 dit:
946 1555 127 31 vosse
1092 1543 63 42 fré
1175 1546 65 40 est
1261 1544 156 42 rivnou
1439 1548 41 38 et
1508 1556 127 31 vosse
1670 1546 102 52 père
1803 1556 24 30 a

464 1610 76 40 fait
565 1609 143 43 touwé
729 1620 55 30 on
806 1609 73 41 crâ
898 1609 69 41 vai
989 1609 190 51 parç’qui
1198 1610 41 39 la
1261 1609 157 42 r’trové
1438 1610 73 40 bin
1530 1610 203 52 poirtant.

514 1674 67 39 28.
613 1673 120 40 Voilà
754 1673 87 50 qu’i
863 1673 163 49 brogne
1048 1674 40 39 et
1108 1673 73 50 qui
1212 1673 150 40 n’vout
1394 1672 74 41 nin
1499 1673 110 42 intré
1627 1685 7 29 :
1671 1673 28 41 li
1729 1674 99 51 père

463 1736 117 42 sorté
601 1740 42 38 et
662 1737 149 52 kwyre
833 1736 22 40 à
877 1735 206 52 l’râpâhti.

515 1808 66 39 29.
614 1808 16 38 I
652 1806 60 42 dit
733 1805 23 41 à
777 1805 138 52 s’père
932 1817 8 29 :
964 1807 16 38 I
1001 1806 98 50 gnia
1121 1808 138 39 ottant
1278 1806 222 41 d’annaies
1520 1806 73 50 qui
1612 1806 31 51 ji
1670 1806 159 41 v’sieve

465 1870 92 42 sins
577 1871 149 41 vz’avu
743 1869 158 52 jamâie
924 1869 187 51 manqué
1130 1872 41 38 et
1190 1880 78 30 vos
1298 1870 188 40 n’mavez
1519 1880 50 30 co
1603 1869 111 44 mâïe
1745 1868 84 43 dné

466 1945 53 29 on
540 1935 148 50 biquet
708 1944 78 41 pos
806 1933 123 51 gusté
951 1944 110 31 avou
1085 1944 90 30 mes
1195 1933 263 42 camârades.

516 2010 65 39 30.
614 2010 49 39 Et
683 2009 129 41 kwan
832 2019 127 31 vosse
980 2009 69 41 fils
1069 2010 127 41 r’vint
1216 2009 125 52 après
1362 2019 79 31 avu
1462 2009 55 41 bu
1540 2011 41 39 et
1598 2019 155 42 magny
1773 2011 58 38 tôt

464 2084 50 39 ço
535 2074 102 50 qu’il
658 2076 127 39 aveut
806 2075 40 40 et
864 2074 73 50 qui
959 2074 90 41 vz’a
1069 2074 76 41 fait
1164 2073 83 42 dné
1267 2074 137 51 l’pôce
1439 2074 22 40 à
1491 2075 106 40 haut
1627 2084 77 31 vos
1729 2074 30 39 li
1791 2073 39 42 fé

467 2138 146 42 touwé
635 2149 55 30 on
710 2138 72 41 crâ
803 2138 83 41 vai.

519 2204 65 39 31.
617 2203 41 39 Li
683 2202 101 51 père
803 2202 41 52 ly
865 2201 82 42 dit:
972 2202 121 42 M’fils
1113 2203 77 41 fes
1211 2203 88 41 todi
1321 2214 110 31 avou
1453 2204 57 40 mi
1532 2206 42 40 et
1591 2215 80 38 çou
1693 2205 139 50 qu’est

467 2266 66 40 d’a
556 2276 154 30 menne
734 2267 65 39 est
817 2265 67 40 d’a
905 2266 119 49 tonk,

518 2331 66 39 32.
617 2332 15 38 I
654 2331 138 41 folève
813 2331 72 40 bin
907 2332 131 49 qu’on
1058 2331 84 41 fihe
1161 2332 51 41 de
1231 2332 114 52 l’joïe
1368 2334 157 50 pusqui
1541 2333 143 42 ffrère
1698 2335 120 50 qu’es­

467 2398 90 39 teut
578 2396 111 40 moir
710 2398 65 39 est
806 2396 180 50 raviqué
1019 2397 104 50 qu’il
1161 2400 139 38 esteut
1338 2398 177 51 pierdou
1555 2400 42 40 et
1629 2399 101 51 qu’il
1769 2404 65 36 est

467 2458 173 42 r’trové.

468 2632 221 32 Traduction
708 2632 45 32 de
770 2633 35 31 la
821 2632 175 33 Parabole
1013 2633 46 32 de
1076 2633 156 32 l’Enfant
1250 2632 194 41 Prodigue,
1469 2641 47 23 en
1539 2632 120 41 patois
1687 2632 147 33 Wallon

509 2685 67 32 des
597 2685 172 33 environs
787 2685 45 33 de
852 2686 184 41 Malmedy,
1060 2685 163 43 envoyée
1239 2694 47 23 en
1301 2683 83 34 1807
1408 2694 66 32 par
1497 2684 45 32 M.
1572 2685 46 32 de
1653 2685 175 33 PERIGNY.

524 2776 64 38 11.
621 2773 95 41 Jun’
738 2785 24 39 y
783 2772 132 42 avéve
938 2784 88 30 oun
1046 2774 174 40 homme
1240 2772 207 53 qu’avéve
1467 2772 114 41 deux
1598 2771 83 42 fils.

524 2839 63 38 12.
620 2839 50 39 Et
688 2838 88 50 l’pu
795 2837 103 50 jône
918 2838 75 40 des
1013 2837 130 41 deuss
1163 2837 99 40 diha
1284 2836 99 41 atoû
1405 2837 138 50 s’pere
1561 2848 7 28 :
1592 2837 105 40 Pere
1717 2836 118 40 duno
