2461 3796
1039 430 243 40 —139—

531 548 66 39 13.
620 547 50 41 Et
693 546 102 43 dav
818 547 158 42 brichia
1000 548 138 41 bleers
1162 548 83 43 dits
1265 550 54 39 ha
1341 549 28 40 il
1388 549 129 52 juven
1544 550 126 51 raspà
1693 550 151 42 insem-

478 610 68 41 bel
568 613 76 48 lot,
668 615 41 37 et
726 612 63 40 eis
809 611 214 41 chiamina
1046 611 43 40 in
1112 612 61 41 ün
1194 613 135 51 pajais
1354 614 196 42 dalônsch
1577 618 41 38 et
1642 615 115 42 tschâ
1777 616 71 40 bal

478 676 126 41 disfat
625 687 73 31 sea
719 676 231 41 substanza
970 676 159 41 vivond
1150 676 282 52 lischiergins.

531 753 65 40 14.
620 752 48 40 Et
693 750 101 42 dav
819 751 94 40 chia
936 751 39 41 el
1005 751 54 40 ha
1080 761 209 32 consuma
1312 754 74 47 tôt,
1411 752 63 42 eis
1491 753 161 51 vengni
1681 754 165 51 gronda

483 816 85 40 fom
590 815 45 40 in
656 815 86 41 less
765 813 149 53 pajais,
939 817 40 39 et
998 814 37 41 el
1057 815 54 39 ha
1132 814 224 42 eumeinza
1378 825 22 30 a
1420 816 194 41 indürar.

533 890 63 38 15.
620 889 50 40 Et
688 887 63 42 eis
772 888 11 40 i
805 891 42 38 et
867 888 233 41 s’hatachia
1121 887 52 42 ad
1195 889 58 40 ün
1275 889 178 41 vaschin
1471 889 52 41 da
1543 890 113 41 lessa
1677 890 164 51 regiun,

482 954 41 39 et
543 952 38 41 el
611 952 29 40 il
680 951 209 42 tramettét
924 952 45 39 in
1002 962 73 31 sea
1111 952 205 50 vilascha,
1352 953 95 41 chia
1480 953 39 41 el
1554 953 208 51 parchüra
1796 954 52 40 ils

479 1016 171 51 porchs.

532 1082 66 39 16.
622 1081 49 40 Et
703 1080 289 51 giavüschéva
1023 1081 52 41 da
1097 1082 160 51 umplir
1286 1082 29 40 il
1336 1082 169 42 veinter
1524 1083 92 41 dels
1656 1083 184 51 mailgia-

479 1144 151 41 duoirs
669 1143 126 51 quais
826 1144 53 40 ils
916 1145 155 50 porchs
1109 1144 256 52 magliévan,
1406 1149 40 38 et
1483 1146 136 51 ingün
1655 1147 51 40 ils
1739 1146 107 42 déva

477 1207 52 41 ad
556 1208 53 41 el.

532 1275 64 38 17.
627 1273 64 41 Mo
722 1273 44 40 in
797 1273 60 41 sei
891 1272 174 42 returnà
1102 1274 71 39 hal
1204 1273 88 42 dit:
1333 1275 164 46 Quants
1527 1274 240 42 lavureints
1799 1275 43 39 in

479 1338 144 41 chiasa
645 1337 53 42 da
726 1348 118 31 mees
874 1338 81 52 bap
973 1339 85 39 han
1081 1348 114 42 pang
1215 1339 41 39 in
1291 1340 252 40 abundanza
1564 1343 40 38 et
1634 1340 23 41 é
1678 1343 64 37 sto
1764 1351 83 39 qua

480 1402 116 52 périr
615 1402 146 42 d’fom.

533 1467 64 39 18.
621 1467 50 39 Et
690 1465 54 42 vô
761 1467 89 40 star
870 1465 51 41 sü
942 1468 41 38 et
1000 1467 37 39 ir
1051 1477 79 40 pro
1152 1477 117 31 mees
1291 1467 79 51 bap
1392 1470 42 38 et
1454 1469 66 38 dir
1539 1467 106 42 ad’el
1671 1479 6 29 :
1707 1469 96 50 Pap,
1825 1467 23 41 é

480 1530 85 40 nha
588 1530 149 51 pechia
755 1530 43 39 in
824 1530 154 41 tschoel
1003 1532 41 39 et
1065 1533 128 38 avant
1212 1531 70 41 tei.

527 1595 67 41 19.
618 1595 30 39 E
670 1605 57 30 nu
750 1605 83 30 sun
854 1594 113 52 deng
988 1594 53 41 da
1061 1596 98 50 gnir
1181 1595 175 41 nommà
1377 1597 90 40 tees
1483 1596 76 53 filg
1577 1608 8 36 ;
1609 1596 40 41 fa
1672 1597 82 40 mei
1773 1596 73 42 scô

476 1661 60 40 ün
558 1660 52 40 da
631 1662 91 39 tees
743 1660 240 41 lavureints
1004 1661 7 39 !

527 1725 68 40 20.
617 1726 51 39 Et
689 1725 170 51 alvond,
884 1725 52 41 sü
964 1725 62 40 eis
1047 1725 38 41 el
1107 1725 159 51 vengni
1292 1736 75 40 pro
1398 1736 96 31 sees
1514 1725 81 52 bap
1620 1737 9 38 ;
1654 1735 68 30 ma
1743 1734 104 31 cura

477 1790 39 41 el
537 1789 73 42 éra
630 1790 99 40 amô
749 1789 223 49 dalônsch,
991 1790 90 41 schi
1103 1790 29 39 il
1157 1793 118 38 vezet
1295 1791 38 41 el
1361 1801 96 31 sees
1478 1791 81 51 bap
1580 1792 42 40 et
1650 1791 188 40 muainta

478 1854 53 40 da
553 1854 309 43 comiseratiun
881 1854 53 42 hé
949 1856 39 40 el
1008 1855 117 41 curri
1141 1855 201 43 incunter
1357 1856 51 41 ad
1430 1857 38 40 el
1488 1856 85 40 l’ha
1587 1855 262 43 imbratschà

477 1921 43 40 et
540 1919 181 41 büstcha
743 1920 53 41 el.

532 1984 67 40 21.
622 1985 50 40 Et
692 1984 59 51 ilg
781 1984 74 51 filg
886 1983 147 43 dschel
1063 1984 52 41 ad
1143 1985 38 41 el
1206 1996 7 30 :
1238 1986 102 50 Bap,
1364 1996 23 30 e
1417 1984 85 41 nhà
1529 1985 59 40 fat
1617 1984 156 51 puchia
1802 1983 45 41 in

478 2049 163 41 tschoel
675 2051 41 40 et
749 2051 129 39 avant
908 2049 57 41 tei
989 2062 8 37 ;
1021 2049 68 51 gia
1124 2060 57 30 nu
1213 2061 83 30 sun
1330 2050 112 50 deng
1463 2050 52 40 da
1544 2049 97 52 gnir
1674 2058 175 31 nomma

480 2115 88 39 tees
588 2112 89 52 filg.

530 2177 66 39 22.
620 2177 63 40 Ma
707 2177 28 40 il
757 2176 80 52 bap
867 2178 55 39 ha
942 2176 60 41 dit
1024 2186 21 30 a
1066 2186 95 32 sees
1194 2178 213 41 servients
1428 2189 7 28 :
1460 2177 194 49 Dalunga
1686 2177 153 51 portei-

479 2251 116 41 nang
616 2241 28 39 il
676 2241 126 50 prüm
835 2240 314 50 büechemaint,
1184 2242 174 41 trateint
1383 2242 38 41 el
1443 2254 9 37 ;
1477 2241 71 41 dat
1577 2241 60 41 ün
1670 2239 113 43 anné
1804 2240 44 41 in

478 2315 96 31 sees
595 2314 129 42 mang
745 2307 41 39 et
807 2304 222 51 schiarpas
1048 2305 43 40 in
1115 2315 96 32 sees
1229 2316 114 41 pees.

531 2371 66 40 23.
621 2371 50 40 Et
693 2370 144 40 manai
860 2380 76 41 pro
953 2370 59 40 ün
1032 2370 135 42 vadee
1184 2370 243 52 ingraschà,
1450 2371 97 41 chia
1569 2380 55 31 no
1659 2370 69 41 ins
1749 2379 93 41 pos-

479 2438 98 40 sent
598 2436 161 50 alegrar
781 2437 41 40 et
843 2435 212 51 mangiar.

531 2502 66 39 24.
619 2501 175 41 Perchia
814 2503 125 48 quest
961 2510 116 31 mees
1101 2500 73 51 filg
1195 2499 72 43 éra
1289 2503 112 40 mort
1427 2504 41 38 et
1489 2501 61 41 eis
1571 2499 149 42 revivü
1745 2511 9 37 ;
1778 2509 73 31 era

482 2565 89 51 péri
606 2567 41 39 et
679 2564 63 42 eis
784 2564 138 42 chiata
959 2576 8 37 ;
998 2567 42 38 et
1072 2565 62 39 els
1166 2565 85 39 han
1291 2565 225 41 eumeinza
1548 2564 30 39 il
1609 2564 95 51 past
1751 2563 94 41 d'al-

482 2629 156 51 grezia.

533 2695 66 39 25.
621 2694 142 39 Intant
780 2702 73 32 era
874 2692 257 43 seesseniur
1152 2692 75 51 filg
1247 2692 83 41 sün
1350 2691 289 52 chianpongia
1662 2693 132 39 etcur
1816 2690 38 41 et

482 2760 225 48 tourneva,
728 2758 344 52 es’aprosimeva
1094 2758 82 40 alla
1197 2757 161 49 chiasa,
1385 2758 63 40 hal
1471 2757 103 41 dudi
1594 2757 29 40 il
1640 2755 214 43 sunaders

482 2826 42 41 et
543 2823 145 53 saglir.
