2457 3753
966 531 54 7 —
1050 507 77 42 125
1156 529 54 7 —

399 673 221 33 Traduction
637 674 45 32 de
699 675 36 31 la
751 674 174 33 Parabole
944 674 45 33 de
1006 673 154 33 l’Enfant
1176 673 195 41 Prodigue,
1392 681 46 24 en
1455 672 121 41 patois
1594 672 46 32 de
1661 671 101 33 Saint

442 728 172 41 Maurice,
632 731 135 30 canton
796 730 51 31 du
862 728 146 40 Vallais,
1026 729 174 41 envoyée,
1220 737 47 23 en
1289 727 93 41 1807,
1409 736 66 33 par
1500 728 46 32 M.
1564 727 196 33 DERVILLE

445 781 276 43 MALESCHARD,
741 782 164 33 résident
921 783 46 32 de
984 782 138 33 France
1140 790 46 24 en
1204 781 145 33 Vallais.
1369 782 55 39 (M.
1445 780 46 41 I.)

456 885 63 41 11.
543 886 62 40 On
627 887 142 41 n’omo
791 887 148 41 aveive
959 887 86 40 don
1068 886 200 51 meniots,

457 955 61 40 12.
543 956 90 40 Don
655 956 40 40 le
716 956 67 50 pie
815 956 218 40 dzouveno
1060 965 23 30 a
1104 954 68 42 det
1194 954 20 40 à
1238 964 79 31 son
1353 953 98 52 père
1474 965 8 29 :
1509 954 94 40 Mon
1638 954 115 51 père,

402 1017 127 42 baillé
550 1029 94 42 mey
658 1019 39 41 le
719 1019 71 40 bin
812 1029 83 40 que
916 1028 67 31 me
1001 1018 78 52 dey
1099 1018 123 41 venir
1242 1028 76 41 por
1335 1028 101 30 mon
1457 1018 102 52 drey
1574 1020 43 40 et
1637 1018 23 42 é
1676 1018 87 42 lieu

401 1082 61 40 z’a
483 1082 219 51 partadgia
724 1092 79 31 son
820 1082 89 40 bin.

453 1147 64 39 13.
541 1147 88 40 Pou
650 1145 52 43 de
722 1146 102 42 dzor
845 1146 138 52 après,
1006 1147 40 40 le
1067 1147 68 51 pie
1155 1146 224 42 dzouveno
1402 1155 23 31 a
1450 1145 306 53 importavoé

400 1210 62 40 lui
483 1212 41 39 to
545 1210 68 41 ciu
636 1221 83 41 que
749 1211 180 41 l’aveive
950 1212 40 40 et
1010 1211 81 40 s’in
1123 1211 109 40 n’est
1255 1210 72 40 fin
1362 1209 121 42 n'all
1517 1209 182 53 voyadjé
1719 1210 45 39 in

399 1272 103 41 n’un
555 1283 124 44 pa-ys
724 1273 170 52 éloigna
929 1285 52 41 yo
1029 1274 38 41 el
1102 1283 23 30 a
1163 1271 180 53 dépinso
1377 1275 41 38 to
1472 1283 80 30 son
1600 1272 73 41 bin
1714 1272 47 41 in

399 1336 223 42 déboutze.

452 1402 63 38 14.
538 1400 133 51 Après
703 1412 84 40 que
818 1402 54 40 l’a
907 1402 66 40 z’u
1010 1403 38 39 to
1077 1401 195 51 dépinso,
1308 1402 30 40 il
1372 1403 64 40 est
1465 1411 140 31 veneu
1642 1411 120 30 unna

401 1467 143 46 granta
569 1465 160 42 famina
749 1465 73 41 din
844 1465 48 42 cé
914 1476 123 42 pa-ys
1056 1465 40 42 lé
1117 1464 23 43 é
1161 1466 111 41 adon
1295 1466 38 42 el
1355 1463 23 44 é
1399 1466 66 40 z’u
1493 1464 193 54 dèporvu
1711 1465 52 41 de

398 1531 88 40 tote
506 1533 182 41 tsoutze.

451 1597 63 39 15.
538 1598 88 45 Que
646 1598 55 39 l’à
733 1598 58 42 ito
813 1597 185 52 oblidgia
1018 1598 53 41 de
1102 1597 218 42 s'attatché
1356 1598 23 39 à
1401 1606 56 31 on
1491 1595 191 42 n’abitan
1703 1595 56 41 du

396 1658 69 41 loa
486 1671 83 39 que
589 1662 52 40 l’a
664 1662 152 41 mand
841 1662 72 41 din
934 1673 47 30 sa
1001 1662 135 41 ferma
1158 1673 77 40 por
1252 1661 131 52 garda
1403 1662 74 40 lou
1499 1670 152 43 cayou.

449 1724 63 40 1G.
538 1723 53 42 Lé
611 1726 39 40 el
669 1728 91 40 aret
790 1726 101 40 volu
926 1735 135 42 povey
1082 1726 200 50 s’emplar
1314 1725 195 41 l’estoma
1541 1723 53 42 dè
1615 1724 143 50 gorfes

394 1798 84 40 que
497 1788 72 40 lou
590 1797 134 43 cayou
744 1788 293 51 mindgiévon,
1061 1789 108 40 mais
1190 1788 104 41 nion
1325 1798 53 30 ne
1398 1788 40 38 la
1458 1786 72 52 yin
1553 1786 198 41 baillève.

447 1853 65 39 17.
537 1852 141 48 Enfin,
702 1852 23 41 è
746 1853 93 41 l’est
855 1853 132 42 rintr
1010 1853 44 39 in
1075 1853 61 40 lui
1171 1852 141 41 mémo
1331 1851 22 41 é
1375 1851 22 41 è
1418 1851 53 39 l’a
1491 1851 71 40 det
1585 1862 7 28 :
1618 1849 140 43 Guéro

394 1915 29 40 li
442 1925 21 30 a
485 1918 68 50 tey
584 1916 173 53 d’ovrey
777 1917 73 40 din
873 1918 39 38 la
947 1926 178 43 meyzou
1146 1916 51 41 de
1219 1926 101 30 mon
1351 1915 102 51 père
1474 1925 83 40 que
1591 1915 87 40 l’on
1700 1914 57 40 du

393 1991 83 40 pan
500 1991 53 31 en
577 1982 308 49 n’abondance,
910 1980 22 42 é
953 1984 87 38 met
1058 1991 52 42 ye
1132 1990 197 42 mo-eyro
1350 1980 65 41 ice
1436 1979 51 41 de
1505 1979 101 39 fam.

447 2046 63 40 18.
534 2035 30 50 É
586 2044 70 42 fau
675 2056 83 40 que
776 2056 51 42 ye
849 2055 68 31 me
936 2044 163 54 lévaye,
1122 2055 84 40 que
1226 2056 25 40 y
1273 2044 99 40 aillo
1394 2053 74 32 ver
1491 2053 99 30 mon
1617 2042 99 52 père
1735 2042 24 42 é

392 2117 84 41 que
496 2118 51 42 ye
567 2109 68 51 ley
654 2108 143 41 diasso
822 2120 8 29 :
855 2109 95 41 Mon
973 2107 101 52 père
1089 2120 26 40 y
1137 2108 38 40 ai
1198 2107 168 52 petchia
1388 2106 157 42 devant
1565 2106 40 41 le
1626 2106 94 41 chel
1736 2104 23 43 é

392 2171 139 41 devait
552 2182 69 31 vo.

446 2236 63 40 19.
532 2236 58 41 Ye
612 2246 53 31 ne
686 2246 73 42 sey
791 2245 76 42 pas
887 2235 130 52 digno
1039 2244 76 32 ora
1136 2235 131 42 d’être
1292 2234 143 52 appèl
1469 2234 203 41 voutrom
1691 2233 28 41 fi
1744 2245 10 39 ;

390 2297 109 43 fréta
521 2310 94 42 mey
634 2300 177 51 quemin
831 2311 86 42 yon
938 2301 52 41 de
1009 2301 205 40 voutrom
1236 2300 150 40 valets.

442 2364 66 40 20.
529 2353 30 51 É
580 2365 101 41 s’est
708 2362 94 44 lév
839 2366 42 40 et
903 2364 23 41 é
946 2375 115 31 venu
1095 2375 98 30 vers
1226 2374 79 31 son
1338 2363 102 52 père
1463 2374 9 38 ;
1498 2362 110 42 mais
1641 2373 118 41 quan

389 2426 130 53 l’eyre
539 2437 132 32 encor
686 2427 108 50 luin,
818 2438 80 31 son
921 2427 99 52 père
1041 2428 53 40 l’a
1122 2438 191 41 apperçu,
1343 2426 158 42 totchia
1524 2426 235 52 decompa-

388 2492 111 41 chon
521 2491 23 43 é
564 2493 53 39 l’a
635 2503 104 30 coru
764 2492 251 41 l’imbrachè
1036 2492 23 41 è
1078 2493 53 39 l’a
1153 2492 110 52 béja.

439 2569 66 40 21.
530 2568 85 40 Son
635 2569 163 40 meniot
812 2569 40 39 la
867 2580 25 40 y
908 2578 22 30 a
951 2568 70 41 det
1035 2579 8 29 :
1058 2569 96 40 Mon
1177 2568 116 51 père,
1310 2580 22 39 y
1345 2568 39 39 ai
1408 2566 167 52 petchia
1596 2566 158 42 devant

386 2633 41 41 le
459 2633 94 41 chel
598 2635 41 39 et
668 2634 159 41 devant
857 2643 54 31 vo
935 2644 9 38 ;
967 2643 51 42 ye
1050 2643 55 32 ne
1134 2642 73 43 sey
1242 2641 75 42 pas
1349 2631 129 51 digna
1512 2641 75 30 ora
1622 2630 135 42 d’être

388 2696 151 53 appèlo
560 2699 200 40 voutrom
784 2698 44 39 fi.

437 2771 65 39 22.
527 2771 102 40 Mais
648 2771 40 40 le
723 2770 99 52 père
844 2780 23 31 a
888 2771 70 41 det
976 2771 23 40 à
1020 2782 80 31 sou
1133 2772 136 41 valets
1292 2782 8 29 :
1324 2771 188 51 Apporta
1544 2770 67 51 ley
1633 2771 42 40 to
1697 2770 52 41 de

385 2834 112 40 suite
517 2844 46 31 sa
584 2835 213 51 première
816 2834 102 42 roba
941 2834 22 42 é
983 2835 40 40 la
1044 2835 54 42 lei
1118 2835 97 41 bota
1230 2847 9 37 ;
1257 2833 129 43 metté
1407 2835 66 51 ley
1494 2844 84 31 ona
1597 2834 109 50 baga
1725 2846 26 29 u

384 2896 80 53 dey
482 2897 23 42 é
525 2897 53 42 dè
598 2899 115 42 solar
734 2898 23 42 è
780 2899 68 51 pia
873 2911 10 38 ;
