<?xml version="1.0" encoding="UTF-8" standalone="no"?>
<alto xmlns:xsi="http://www.w3.org/2001/XMLSchema-instance" xmlns="http://www.loc.gov/standards/alto/ns-v4#" xsi:schemaLocation="http://www.loc.gov/standards/alto/ns-v4# http://www.loc.gov/standards/alto/v4/alto-4-3.xsd">>
<Description>
<MeasurementUnit>pixel</MeasurementUnit>
<sourceImageInformation>
<fileName>bd6t5334045p_039.jpg</fileName>
<fileIdentifier>ark:/12148/bd6t5334045p/f39</fileIdentifier>
<documentIdentifier documentIdentifierLocation="NUM">100334045</documentIdentifier>
</sourceImageInformation>
<OCRProcessing ID="OCR_1">
<ocrProcessingStep>
<processingDateTime>2022-08-11</processingDateTime>
<processingStepDescription>[001_OCR_BRUT]OCR BRUT 88.98 %</processingStepDescription>
<processingStepDescription>[002_CHARS]{1266}</processingStepDescription>
<processingStepDescription>[007_STRINGS]{327}</processingStepDescription>
<processingSoftware>
<softwareCreator>ABBYY</softwareCreator>
<softwareName>ABBYY FineReader Engine</softwareName>
<softwareVersion>12</softwareVersion>
</processingSoftware>
</ocrProcessingStep>
</OCRProcessing>
</Description>
<Styles>
<TextStyle FONTFAMILY="Default Metrics Font" FONTSIZE="9" ID="TXT_1"/>
<TextStyle FONTFAMILY="Default Metrics Font" FONTSIZE="10" ID="TXT_2"/>
</Styles>
<Layout>
<Page ACCURACY="88.98" HEIGHT="3734" ID="PAG_00000039" PHYSICAL_IMG_NR="39" QUALITY="OK" WIDTH="2554">
<TopMargin HEIGHT="514" HPOS="0" ID="PAG_00000039_TopMargin" VPOS="0" WIDTH="2554">
</TopMargin>
<LeftMargin HEIGHT="2444" HPOS="0" ID="PAG_00000039_LeftMargin" VPOS="514" WIDTH="453">
</LeftMargin>
<RightMargin HEIGHT="2444" HPOS="1858" ID="PAG_00000039_RightMargin" VPOS="514" WIDTH="696">
</RightMargin>
<BottomMargin HEIGHT="776" HPOS="0" ID="PAG_00000039_BottomMargin" VPOS="2958" WIDTH="2554">
</BottomMargin>
<PrintSpace HEIGHT="2444" HPOS="453" ID="PAG_00000039_PrintSpace" VPOS="514" WIDTH="1405">
<TextBlock HEIGHT="58" HPOS="1057" ID="PAG_00000039_TB000001" STYLEREFS="TXT_1" VPOS="517" WIDTH="230" language="fr">
<TextLine HEIGHT="40" HPOS="1065" ID="PAG_00000039_TL000001" VPOS="526" WIDTH="211">
<String CONTENT="—" HEIGHT="5" HPOS="1065" ID="PAG_00000039_ST000001" VPOS="549" WC="1" WIDTH="51"/>
<SP HPOS="1117" ID="PAG_00000039_SP000001" VPOS="526" WIDTH="32"/>
<String CONTENT="29" HEIGHT="40" HPOS="1150" ID="PAG_00000039_ST000002" VPOS="526" WC="1" WIDTH="46"/>
<SP HPOS="1197" ID="PAG_00000039_SP000002" VPOS="526" WIDTH="34"/>
<String CONTENT="—" HEIGHT="19" HPOS="1232" ID="PAG_00000039_ST000003" VPOS="545" WC="1" WIDTH="44"/>
</TextLine>
</TextBlock>
<TextBlock HEIGHT="2325" HPOS="453" ID="PAG_00000039_TB000002" STYLEREFS="TXT_2" VPOS="633" WIDTH="1402" language="fr">
<TextLine HEIGHT="55" HPOS="534" ID="PAG_00000039_TL000002" VPOS="641" WIDTH="1308">
<String CONTENT="18." HEIGHT="39" HPOS="534" ID="PAG_00000039_ST000004" VPOS="647" WC="0.52999997138977051" WIDTH="63"/>
<SP HPOS="598" ID="PAG_00000039_SP000003" VPOS="647" WIDTH="31"/>
<String CONTENT="Y" HEIGHT="39" HPOS="630" ID="PAG_00000039_ST000005" VPOS="647" WC="0.94999998807907104" WIDTH="31"/>
<SP HPOS="662" ID="PAG_00000039_SP000004" VPOS="647" WIDTH="20"/>
<String CONTENT="me" HEIGHT="31" HPOS="683" ID="PAG_00000039_ST000006" VPOS="656" WC="0.76999998092651367" WIDTH="67"/>
<SP HPOS="751" ID="PAG_00000039_SP000005" VPOS="655" WIDTH="22"/>
<String CONTENT="yeuvrai" HEIGHT="52" HPOS="774" ID="PAG_00000039_ST000007" VPOS="644" WC="1" WIDTH="169"/>
<SP HPOS="944" ID="PAG_00000039_SP000006" VPOS="644" WIDTH="21"/>
<String CONTENT="y" HEIGHT="40" HPOS="966" ID="PAG_00000039_ST000008" VPOS="656" WC="1" WIDTH="25"/>
<SP HPOS="992" ID="PAG_00000039_SP000007" VPOS="654" WIDTH="19"/>
<String CONTENT="adrai" HEIGHT="41" HPOS="1012" ID="PAG_00000039_ST000009" VPOS="643" WC="0.62000000476837158" WIDTH="117"/>
<SP HPOS="1130" ID="PAG_00000039_SP000008" VPOS="643" WIDTH="19"/>
<String CONTENT="voi" HEIGHT="41" HPOS="1150" ID="PAG_00000039_ST000010" VPOS="643" WC="0.81999999284744263" WIDTH="71"/>
<SP HPOS="1222" ID="PAG_00000039_SP000009" VPOS="643" WIDTH="20"/>
<String CONTENT="mon" HEIGHT="30" HPOS="1243" ID="PAG_00000039_ST000011" VPOS="653" WC="0.64666664600372314" WIDTH="101"/>
<SP HPOS="1345" ID="PAG_00000039_SP000010" VPOS="653" WIDTH="21"/>
<String CONTENT="père" HEIGHT="51" HPOS="1367" ID="PAG_00000039_ST000012" VPOS="642" WC="0.64249998331069946" WIDTH="102"/>
<SP HPOS="1470" ID="PAG_00000039_SP000011" VPOS="652" WIDTH="36"/>
<String CONTENT="et" HEIGHT="40" HPOS="1507" ID="PAG_00000039_ST000013" VPOS="644" WC="0.76499998569488525" WIDTH="42"/>
<SP HPOS="1550" ID="PAG_00000039_SP000012" VPOS="644" WIDTH="30"/>
<String CONTENT="yié" HEIGHT="54" HPOS="1581" ID="PAG_00000039_ST000014" VPOS="641" WC="0.75" WIDTH="68"/>
<SP HPOS="1650" ID="PAG_00000039_SP000013" VPOS="641" WIDTH="30"/>
<String CONTENT="dirais" HEIGHT="42" HPOS="1681" ID="PAG_00000039_ST000015" VPOS="643" WC="0.87999999523162842" WIDTH="133"/>
<SP HPOS="1815" ID="PAG_00000039_SP000014" VPOS="651" WIDTH="15"/>
<String CONTENT=":" HEIGHT="35" HPOS="1831" ID="PAG_00000039_ST000016" VPOS="651" WC="0.27000001072883606" WIDTH="11"/>
</TextLine>
<TextLine HEIGHT="54" HPOS="479" ID="PAG_00000039_TL000003" VPOS="709" WIDTH="1148">
<String CONTENT="Mon" HEIGHT="39" HPOS="479" ID="PAG_00000039_ST000017" VPOS="713" WC="0.57999998331069946" WIDTH="96"/>
<SP HPOS="576" ID="PAG_00000039_SP000015" VPOS="722" WIDTH="22"/>
<String CONTENT="père," HEIGHT="51" HPOS="599" ID="PAG_00000039_ST000018" VPOS="711" WC="0.65399998426437378" WIDTH="114"/>
<SP HPOS="714" ID="PAG_00000039_SP000016" VPOS="723" WIDTH="17"/>
<String CONTENT="y" HEIGHT="40" HPOS="732" ID="PAG_00000039_ST000019" VPOS="723" WC="1" WIDTH="26"/>
<SP HPOS="759" ID="PAG_00000039_SP000017" VPOS="721" WIDTH="20"/>
<String CONTENT="ai" HEIGHT="40" HPOS="780" ID="PAG_00000039_ST000020" VPOS="710" WC="0.65499997138977051" WIDTH="38"/>
<SP HPOS="819" ID="PAG_00000039_SP000018" VPOS="710" WIDTH="20"/>
<String CONTENT="péché" HEIGHT="53" HPOS="840" ID="PAG_00000039_ST000021" VPOS="709" WC="0.61400002241134644" WIDTH="133"/>
<SP HPOS="974" ID="PAG_00000039_SP000019" VPOS="709" WIDTH="14"/>
<String CONTENT="contre" HEIGHT="38" HPOS="989" ID="PAG_00000039_ST000022" VPOS="713" WC="0.68333333730697632" WIDTH="148"/>
<SP HPOS="1138" ID="PAG_00000039_SP000020" VPOS="712" WIDTH="20"/>
<String CONTENT="lo" HEIGHT="39" HPOS="1159" ID="PAG_00000039_ST000023" VPOS="712" WC="0.375" WIDTH="40"/>
<SP HPOS="1200" ID="PAG_00000039_SP000021" VPOS="721" WIDTH="20"/>
<String CONTENT="cie" HEIGHT="42" HPOS="1221" ID="PAG_00000039_ST000024" VPOS="710" WC="0.5899999737739563" WIDTH="64"/>
<SP HPOS="1286" ID="PAG_00000039_SP000022" VPOS="721" WIDTH="16"/>
<String CONTENT="et" HEIGHT="38" HPOS="1303" ID="PAG_00000039_ST000025" VPOS="713" WC="0.60000002384185791" WIDTH="42"/>
<SP HPOS="1346" ID="PAG_00000039_SP000023" VPOS="713" WIDTH="18"/>
<String CONTENT="contre" HEIGHT="39" HPOS="1365" ID="PAG_00000039_ST000026" VPOS="712" WC="0.44999998807907104" WIDTH="150"/>
<SP HPOS="1516" ID="PAG_00000039_SP000024" VPOS="719" WIDTH="18"/>
<String CONTENT="vos." HEIGHT="31" HPOS="1535" ID="PAG_00000039_ST000027" VPOS="719" WC="0.68500000238418579" WIDTH="92"/>
</TextLine>
<TextLine HEIGHT="53" HPOS="532" ID="PAG_00000039_TL000004" VPOS="782" WIDTH="1313">
<String CONTENT="19." HEIGHT="40" HPOS="532" ID="PAG_00000039_ST000028" VPOS="786" WC="0.65333330631256104" WIDTH="64"/>
<SP HPOS="597" ID="PAG_00000039_SP000025" VPOS="786" WIDTH="31"/>
<String CONTENT="Y" HEIGHT="38" HPOS="629" ID="PAG_00000039_ST000029" VPOS="786" WC="0.81999999284744263" WIDTH="32"/>
<SP HPOS="662" ID="PAG_00000039_SP000026" VPOS="786" WIDTH="29"/>
<String CONTENT="ne" HEIGHT="31" HPOS="692" ID="PAG_00000039_ST000030" VPOS="795" WC="0.88999998569488525" WIDTH="53"/>
<SP HPOS="746" ID="PAG_00000039_SP000027" VPOS="795" WIDTH="32"/>
<String CONTENT="seu" HEIGHT="31" HPOS="779" ID="PAG_00000039_ST000031" VPOS="795" WC="0.64666664600372314" WIDTH="73"/>
<SP HPOS="853" ID="PAG_00000039_SP000028" VPOS="796" WIDTH="32"/>
<String CONTENT="pe" HEIGHT="40" HPOS="886" ID="PAG_00000039_ST000032" VPOS="795" WC="0.70499998331069946" WIDTH="52"/>
<SP HPOS="939" ID="PAG_00000039_SP000029" VPOS="785" WIDTH="27"/>
<String CONTENT="digne" HEIGHT="50" HPOS="967" ID="PAG_00000039_ST000033" VPOS="785" WC="0.59799998998641968" WIDTH="129"/>
<SP HPOS="1097" ID="PAG_00000039_SP000030" VPOS="784" WIDTH="35"/>
<String CONTENT="dorenaivint" HEIGHT="41" HPOS="1133" ID="PAG_00000039_ST000034" VPOS="784" WC="1" WIDTH="263"/>
<SP HPOS="1397" ID="PAG_00000039_SP000031" VPOS="783" WIDTH="36"/>
<String CONTENT="d’être" HEIGHT="42" HPOS="1434" ID="PAG_00000039_ST000035" VPOS="782" WC="0.72000002861022949" WIDTH="132"/>
<SP HPOS="1567" ID="PAG_00000039_SP000032" VPOS="792" WIDTH="28"/>
<String CONTENT="aiplait" HEIGHT="50" HPOS="1596" ID="PAG_00000039_ST000036" VPOS="783" WC="0.81999999284744263" WIDTH="146"/>
<SP HPOS="1743" ID="PAG_00000039_SP000033" VPOS="785" WIDTH="27"/>
<String CONTENT="vot" HEIGHT="38" HPOS="1771" ID="PAG_00000039_ST000037" VPOS="788" WC="0.6966666579246521" WIDTH="74"/>
</TextLine>
<TextLine HEIGHT="52" HPOS="478" ID="PAG_00000039_TL000005" VPOS="846" WIDTH="1368">
<String CONTENT="fés." HEIGHT="42" HPOS="478" ID="PAG_00000039_ST000038" VPOS="847" WC="0.68999999761581421" WIDTH="75"/>
<SP HPOS="554" ID="PAG_00000039_SP000034" VPOS="849" WIDTH="23"/>
<String CONTENT="Traitaite" HEIGHT="41" HPOS="578" ID="PAG_00000039_ST000039" VPOS="848" WC="0.70444446802139282" WIDTH="200"/>
<SP HPOS="779" ID="PAG_00000039_SP000035" VPOS="858" WIDTH="20"/>
<String CONTENT="me" HEIGHT="31" HPOS="800" ID="PAG_00000039_ST000040" VPOS="858" WC="1" WIDTH="68"/>
<SP HPOS="869" ID="PAG_00000039_SP000036" VPOS="858" WIDTH="19"/>
<String CONTENT="quoment" HEIGHT="49" HPOS="889" ID="PAG_00000039_ST000041" VPOS="849" WC="0.81000000238418579" WIDTH="209"/>
<SP HPOS="1099" ID="PAG_00000039_SP000037" VPOS="849" WIDTH="21"/>
<String CONTENT="un" HEIGHT="29" HPOS="1121" ID="PAG_00000039_ST000042" VPOS="858" WC="0.81000000238418579" WIDTH="57"/>
<SP HPOS="1179" ID="PAG_00000039_SP000038" VPOS="847" WIDTH="20"/>
<String CONTENT="des" HEIGHT="41" HPOS="1200" ID="PAG_00000039_ST000043" VPOS="847" WC="0.60333335399627686" WIDTH="76"/>
<SP HPOS="1277" ID="PAG_00000039_SP000039" VPOS="858" WIDTH="26"/>
<String CONTENT="valats" HEIGHT="40" HPOS="1304" ID="PAG_00000039_ST000044" VPOS="847" WC="0.82833331823348999" WIDTH="138"/>
<SP HPOS="1443" ID="PAG_00000039_SP000040" VPOS="857" WIDTH="25"/>
<String CONTENT="que" HEIGHT="41" HPOS="1469" ID="PAG_00000039_ST000045" VPOS="856" WC="0.69999998807907104" WIDTH="84"/>
<SP HPOS="1554" ID="PAG_00000039_SP000041" VPOS="856" WIDTH="28"/>
<String CONTENT="son" HEIGHT="31" HPOS="1583" ID="PAG_00000039_ST000046" VPOS="855" WC="0.82333332300186157" WIDTH="80"/>
<SP HPOS="1664" ID="PAG_00000039_SP000042" VPOS="855" WIDTH="33"/>
<String CONTENT="ai" HEIGHT="40" HPOS="1698" ID="PAG_00000039_ST000047" VPOS="846" WC="0.86500000953674316" WIDTH="38"/>
<SP HPOS="1737" ID="PAG_00000039_SP000043" VPOS="846" WIDTH="29"/>
<String CONTENT="vos" HEIGHT="31" HPOS="1767" ID="PAG_00000039_ST000048" VPOS="856" WC="0.89999997615814209" WIDTH="79"/>
</TextLine>
<TextLine HEIGHT="50" HPOS="478" ID="PAG_00000039_TL000006" VPOS="913" WIDTH="158">
<String CONTENT="gaiges." HEIGHT="50" HPOS="478" ID="PAG_00000039_ST000049" VPOS="913" WC="0.53428572416305542" WIDTH="158"/>
</TextLine>
<TextLine HEIGHT="51" HPOS="530" ID="PAG_00000039_TL000007" VPOS="976" WIDTH="1316">
<String CONTENT="20." HEIGHT="39" HPOS="530" ID="PAG_00000039_ST000050" VPOS="977" WC="0.54333335161209106" WIDTH="65"/>
<SP HPOS="596" ID="PAG_00000039_SP000044" VPOS="976" WIDTH="31"/>
<String CONTENT="Ait" HEIGHT="41" HPOS="628" ID="PAG_00000039_ST000051" VPOS="976" WC="0.72333335876464844" WIDTH="67"/>
<SP HPOS="696" ID="PAG_00000039_SP000045" VPOS="979" WIDTH="17"/>
<String CONTENT="se" HEIGHT="30" HPOS="714" ID="PAG_00000039_ST000052" VPOS="987" WC="1" WIDTH="45"/>
<SP HPOS="760" ID="PAG_00000039_SP000046" VPOS="977" WIDTH="19"/>
<String CONTENT="ieuvai" HEIGHT="41" HPOS="780" ID="PAG_00000039_ST000053" VPOS="977" WC="0.61833333969116211" WIDTH="144"/>
<SP HPOS="925" ID="PAG_00000039_SP000047" VPOS="977" WIDTH="21"/>
<String CONTENT="donc" HEIGHT="41" HPOS="947" ID="PAG_00000039_ST000054" VPOS="977" WC="0.56999999284744263" WIDTH="112"/>
<SP HPOS="1060" ID="PAG_00000039_SP000048" VPOS="987" WIDTH="18"/>
<String CONTENT="et" HEIGHT="39" HPOS="1079" ID="PAG_00000039_ST000055" VPOS="978" WC="0.83499997854232788" WIDTH="42"/>
<SP HPOS="1122" ID="PAG_00000039_SP000049" VPOS="978" WIDTH="17"/>
<String CONTENT="vai" HEIGHT="40" HPOS="1140" ID="PAG_00000039_ST000056" VPOS="976" WC="0.77666664123535156" WIDTH="69"/>
<SP HPOS="1210" ID="PAG_00000039_SP000050" VPOS="976" WIDTH="32"/>
<String CONTENT="trovai" HEIGHT="41" HPOS="1243" ID="PAG_00000039_ST000057" VPOS="976" WC="0.52666664123535156" WIDTH="135"/>
<SP HPOS="1379" ID="PAG_00000039_SP000051" VPOS="976" WIDTH="19"/>
<String CONTENT="son" HEIGHT="31" HPOS="1399" ID="PAG_00000039_ST000058" VPOS="986" WC="0.56333333253860474" WIDTH="78"/>
<SP HPOS="1478" ID="PAG_00000039_SP000052" VPOS="987" WIDTH="23"/>
<String CONTENT="père;" HEIGHT="51" HPOS="1502" ID="PAG_00000039_ST000059" VPOS="976" WC="0.8059999942779541" WIDTH="128"/>
<SP HPOS="1631" ID="PAG_00000039_SP000053" VPOS="986" WIDTH="31"/>
<String CONTENT="et" HEIGHT="40" HPOS="1663" ID="PAG_00000039_ST000060" VPOS="977" WC="0.57499998807907104" WIDTH="41"/>
<SP HPOS="1705" ID="PAG_00000039_SP000054" VPOS="976" WIDTH="35"/>
<String CONTENT="lors" HEIGHT="40" HPOS="1741" ID="PAG_00000039_ST000061" SUBS_CONTENT="lorsque!" SUBS_TYPE="HypPart1" VPOS="976" WC="0.8399999737739563" WIDTH="90"/>
<HYP CONTENT="­"/>
</TextLine>
<TextLine HEIGHT="54" HPOS="478" ID="PAG_00000039_TL000008" VPOS="1038" WIDTH="1369">
<String CONTENT="que!" HEIGHT="47" HPOS="478" ID="PAG_00000039_ST000062" SUBS_CONTENT="lorsque!" SUBS_TYPE="HypPart2" VPOS="1043" WC="0.83499997854232788" WIDTH="101"/>
<SP HPOS="580" ID="PAG_00000039_SP000055" VPOS="1041" WIDTH="18"/>
<String CONTENT="l’était" HEIGHT="41" HPOS="599" ID="PAG_00000039_ST000063" VPOS="1040" WC="0.76428574323654175" WIDTH="133"/>
<SP HPOS="733" ID="PAG_00000039_SP000056" VPOS="1042" WIDTH="18"/>
<String CONTENT="encoi" HEIGHT="40" HPOS="752" ID="PAG_00000039_ST000064" VPOS="1042" WC="0.69800001382827759" WIDTH="123"/>
<SP HPOS="876" ID="PAG_00000039_SP000057" VPOS="1041" WIDTH="16"/>
<String CONTENT="loin," HEIGHT="48" HPOS="893" ID="PAG_00000039_ST000065" VPOS="1041" WC="0.85600000619888306" WIDTH="105"/>
<SP HPOS="999" ID="PAG_00000039_SP000058" VPOS="1052" WIDTH="22"/>
<String CONTENT="son" HEIGHT="30" HPOS="1022" ID="PAG_00000039_ST000066" VPOS="1051" WC="0.67666667699813843" WIDTH="79"/>
<SP HPOS="1102" ID="PAG_00000039_SP000059" VPOS="1051" WIDTH="22"/>
<String CONTENT="père" HEIGHT="52" HPOS="1125" ID="PAG_00000039_ST000067" VPOS="1040" WC="0.62749999761581421" WIDTH="101"/>
<SP HPOS="1227" ID="PAG_00000039_SP000060" VPOS="1040" WIDTH="18"/>
<String CONTENT="faiperçu" HEIGHT="51" HPOS="1246" ID="PAG_00000039_ST000068" VPOS="1040" WC="0.65874999761581421" WIDTH="205"/>
<SP HPOS="1452" ID="PAG_00000039_SP000061" VPOS="1050" WIDTH="21"/>
<String CONTENT="et" HEIGHT="39" HPOS="1474" ID="PAG_00000039_ST000069" VPOS="1042" WC="0.7149999737739563" WIDTH="40"/>
<SP HPOS="1515" ID="PAG_00000039_SP000062" VPOS="1042" WIDTH="20"/>
<String CONTENT="ai" HEIGHT="39" HPOS="1536" ID="PAG_00000039_ST000070" VPOS="1040" WC="1" WIDTH="39"/>
<SP HPOS="1576" ID="PAG_00000039_SP000063" VPOS="1040" WIDTH="19"/>
<String CONTENT="fut" HEIGHT="40" HPOS="1596" ID="PAG_00000039_ST000071" VPOS="1040" WC="0.70333331823348999" WIDTH="64"/>
<SP HPOS="1661" ID="PAG_00000039_SP000064" VPOS="1041" WIDTH="29"/>
<String CONTENT="touché" HEIGHT="42" HPOS="1691" ID="PAG_00000039_ST000072" VPOS="1038" WC="0.49833333492279053" WIDTH="156"/>
</TextLine>
<TextLine HEIGHT="52" HPOS="477" ID="PAG_00000039_TL000009" VPOS="1104" WIDTH="1369">
<String CONTENT="de" HEIGHT="41" HPOS="477" ID="PAG_00000039_ST000073" VPOS="1105" WC="0.74500000476837158" WIDTH="52"/>
<SP HPOS="530" ID="PAG_00000039_SP000065" VPOS="1116" WIDTH="19"/>
<String CONTENT="compassion" HEIGHT="51" HPOS="550" ID="PAG_00000039_ST000074" VPOS="1105" WC="0.78600001335144043" WIDTH="276"/>
<SP HPOS="827" ID="PAG_00000039_SP000066" VPOS="1116" WIDTH="20"/>
<String CONTENT="et" HEIGHT="38" HPOS="848" ID="PAG_00000039_ST000075" VPOS="1109" WC="0.87999999523162842" WIDTH="42"/>
<SP HPOS="891" ID="PAG_00000039_SP000067" VPOS="1105" WIDTH="17"/>
<String CONTENT="fié" HEIGHT="41" HPOS="909" ID="PAG_00000039_ST000076" VPOS="1105" WC="0.62000000476837158" WIDTH="56"/>
<SP HPOS="966" ID="PAG_00000039_SP000068" VPOS="1105" WIDTH="20"/>
<String CONTENT="ai" HEIGHT="41" HPOS="987" ID="PAG_00000039_ST000077" VPOS="1105" WC="1" WIDTH="38"/>
<SP HPOS="1026" ID="PAG_00000039_SP000069" VPOS="1105" WIDTH="19"/>
<String CONTENT="lu" HEIGHT="39" HPOS="1046" ID="PAG_00000039_ST000078" VPOS="1106" WC="0.51499998569488525" WIDTH="45"/>
<SP HPOS="1092" ID="PAG_00000039_SP000070" VPOS="1116" WIDTH="19"/>
<String CONTENT="et" HEIGHT="39" HPOS="1112" ID="PAG_00000039_ST000079" VPOS="1107" WC="0.66500002145767212" WIDTH="41"/>
<SP HPOS="1154" ID="PAG_00000039_SP000071" VPOS="1107" WIDTH="17"/>
<String CONTENT="se" HEIGHT="31" HPOS="1172" ID="PAG_00000039_ST000080" VPOS="1115" WC="0.68500000238418579" WIDTH="46"/>
<SP HPOS="1219" ID="PAG_00000039_SP000072" VPOS="1115" WIDTH="24"/>
<String CONTENT="champai" HEIGHT="51" HPOS="1244" ID="PAG_00000039_ST000081" VPOS="1105" WC="0.83285713195800781" WIDTH="196"/>
<SP HPOS="1441" ID="PAG_00000039_SP000073" VPOS="1105" WIDTH="28"/>
<String CONTENT="ai" HEIGHT="39" HPOS="1470" ID="PAG_00000039_ST000082" VPOS="1105" WC="0.70999997854232788" WIDTH="40"/>
<SP HPOS="1511" ID="PAG_00000039_SP000074" VPOS="1105" WIDTH="30"/>
<String CONTENT="son" HEIGHT="30" HPOS="1542" ID="PAG_00000039_ST000083" VPOS="1115" WC="0.52666664123535156" WIDTH="79"/>
<SP HPOS="1622" ID="PAG_00000039_SP000075" VPOS="1115" WIDTH="31"/>
<String CONTENT="co" HEIGHT="31" HPOS="1654" ID="PAG_00000039_ST000084" VPOS="1114" WC="0.63499999046325684" WIDTH="50"/>
<SP HPOS="1705" ID="PAG_00000039_SP000076" VPOS="1114" WIDTH="29"/>
<String CONTENT="et" HEIGHT="39" HPOS="1735" ID="PAG_00000039_ST000085" VPOS="1107" WC="0.72000002861022949" WIDTH="42"/>
<SP HPOS="1778" ID="PAG_00000039_SP000077" VPOS="1104" WIDTH="27"/>
<String CONTENT="le" HEIGHT="41" HPOS="1806" ID="PAG_00000039_ST000086" VPOS="1104" WC="0.89999997615814209" WIDTH="40"/>
</TextLine>
<TextLine HEIGHT="52" HPOS="478" ID="PAG_00000039_TL000010" VPOS="1168" WIDTH="143">
<String CONTENT="baijai." HEIGHT="52" HPOS="478" ID="PAG_00000039_ST000087" VPOS="1168" WC="0.68428570032119751" WIDTH="143"/>
</TextLine>
<TextLine HEIGHT="55" HPOS="530" ID="PAG_00000039_TL000011" VPOS="1231" WIDTH="1316">
<String CONTENT="21." HEIGHT="41" HPOS="530" ID="PAG_00000039_ST000088" VPOS="1234" WC="0.57666665315628052" WIDTH="65"/>
<SP HPOS="596" ID="PAG_00000039_SP000078" VPOS="1234" WIDTH="30"/>
<String CONTENT="Et" HEIGHT="40" HPOS="627" ID="PAG_00000039_ST000089" VPOS="1234" WC="1" WIDTH="50"/>
<SP HPOS="678" ID="PAG_00000039_SP000079" VPOS="1236" WIDTH="18"/>
<String CONTENT="son" HEIGHT="31" HPOS="697" ID="PAG_00000039_ST000090" VPOS="1243" WC="0.48333331942558289" WIDTH="80"/>
<SP HPOS="778" ID="PAG_00000039_SP000080" VPOS="1234" WIDTH="19"/>
<String CONTENT="fés" HEIGHT="42" HPOS="798" ID="PAG_00000039_ST000091" VPOS="1233" WC="0.58333331346511841" WIDTH="63"/>
<SP HPOS="862" ID="PAG_00000039_SP000081" VPOS="1233" WIDTH="18"/>
<String CONTENT="ié" HEIGHT="43" HPOS="881" ID="PAG_00000039_ST000092" VPOS="1232" WC="0.6600000262260437" WIDTH="39"/>
<SP HPOS="921" ID="PAG_00000039_SP000082" VPOS="1232" WIDTH="17"/>
<String CONTENT="dié" HEIGHT="41" HPOS="939" ID="PAG_00000039_ST000093" VPOS="1233" WC="0.68666666746139526" WIDTH="70"/>
<SP HPOS="1010" ID="PAG_00000039_SP000083" VPOS="1233" WIDTH="15"/>
<String CONTENT=":" HEIGHT="28" HPOS="1026" ID="PAG_00000039_ST000094" VPOS="1245" WC="0.73000001907348633" WIDTH="7"/>
<SP HPOS="1034" ID="PAG_00000039_SP000084" VPOS="1235" WIDTH="23"/>
<String CONTENT="Mon" HEIGHT="39" HPOS="1058" ID="PAG_00000039_ST000095" VPOS="1235" WC="0.78666669130325317" WIDTH="97"/>
<SP HPOS="1156" ID="PAG_00000039_SP000085" VPOS="1245" WIDTH="19"/>
<String CONTENT="père" HEIGHT="51" HPOS="1176" ID="PAG_00000039_ST000096" VPOS="1233" WC="0.81749999523162842" WIDTH="101"/>
<SP HPOS="1278" ID="PAG_00000039_SP000086" VPOS="1243" WIDTH="25"/>
<String CONTENT="y" HEIGHT="41" HPOS="1304" ID="PAG_00000039_ST000097" VPOS="1245" WC="1" WIDTH="26"/>
<SP HPOS="1331" ID="PAG_00000039_SP000087" VPOS="1243" WIDTH="32"/>
<String CONTENT="ail" HEIGHT="41" HPOS="1364" ID="PAG_00000039_ST000098" VPOS="1233" WC="1" WIDTH="58"/>
<SP HPOS="1423" ID="PAG_00000039_SP000088" VPOS="1235" WIDTH="31"/>
<String CONTENT="péché" HEIGHT="52" HPOS="1455" ID="PAG_00000039_ST000099" VPOS="1231" WC="0.65200001001358032" WIDTH="132"/>
<SP HPOS="1588" ID="PAG_00000039_SP000089" VPOS="1231" WIDTH="29"/>
<String CONTENT="contre" HEIGHT="40" HPOS="1618" ID="PAG_00000039_ST000100" VPOS="1233" WC="0.54166668653488159" WIDTH="150"/>
<SP HPOS="1769" ID="PAG_00000039_SP000090" VPOS="1233" WIDTH="36"/>
<String CONTENT="le" HEIGHT="40" HPOS="1806" ID="PAG_00000039_ST000101" VPOS="1233" WC="0.40999999642372131" WIDTH="40"/>
</TextLine>
<TextLine HEIGHT="54" HPOS="477" ID="PAG_00000039_TL000012" VPOS="1295" WIDTH="1368">
<String CONTENT="cie" HEIGHT="41" HPOS="477" ID="PAG_00000039_ST000102" VPOS="1296" WC="0.88333332538604736" WIDTH="64"/>
<SP HPOS="542" ID="PAG_00000039_SP000091" VPOS="1307" WIDTH="18"/>
<String CONTENT="et" HEIGHT="39" HPOS="561" ID="PAG_00000039_ST000103" VPOS="1298" WC="0.87000000476837158" WIDTH="41"/>
<SP HPOS="603" ID="PAG_00000039_SP000092" VPOS="1298" WIDTH="18"/>
<String CONTENT="contre" HEIGHT="39" HPOS="622" ID="PAG_00000039_ST000104" VPOS="1298" WC="0.63999998569488525" WIDTH="150"/>
<SP HPOS="773" ID="PAG_00000039_SP000093" VPOS="1306" WIDTH="18"/>
<String CONTENT="vos," HEIGHT="38" HPOS="792" ID="PAG_00000039_ST000105" VPOS="1307" WC="0.75499999523162842" WIDTH="93"/>
<SP HPOS="886" ID="PAG_00000039_SP000094" VPOS="1309" WIDTH="21"/>
<String CONTENT="y" HEIGHT="40" HPOS="908" ID="PAG_00000039_ST000106" VPOS="1309" WC="1" WIDTH="25"/>
<SP HPOS="934" ID="PAG_00000039_SP000095" VPOS="1307" WIDTH="20"/>
<String CONTENT="ne" HEIGHT="30" HPOS="955" ID="PAG_00000039_ST000107" VPOS="1307" WC="0.30000001192092896" WIDTH="54"/>
<SP HPOS="1010" ID="PAG_00000039_SP000096" VPOS="1307" WIDTH="31"/>
<String CONTENT="seut" HEIGHT="39" HPOS="1042" ID="PAG_00000039_ST000108" VPOS="1299" WC="0.75249999761581421" WIDTH="97"/>
<SP HPOS="1140" ID="PAG_00000039_SP000097" VPOS="1299" WIDTH="28"/>
<String CONTENT="pu" HEIGHT="39" HPOS="1169" ID="PAG_00000039_ST000109" VPOS="1308" WC="0.67500001192092896" WIDTH="54"/>
<SP HPOS="1224" ID="PAG_00000039_SP000098" VPOS="1296" WIDTH="28"/>
<String CONTENT="digne" HEIGHT="51" HPOS="1253" ID="PAG_00000039_ST000110" VPOS="1296" WC="0.87999999523162842" WIDTH="127"/>
<SP HPOS="1381" ID="PAG_00000039_SP000099" VPOS="1296" WIDTH="30"/>
<String CONTENT="desourmais" HEIGHT="42" HPOS="1412" ID="PAG_00000039_ST000111" VPOS="1295" WC="0.81599998474121094" WIDTH="271"/>
<SP HPOS="1684" ID="PAG_00000039_SP000100" VPOS="1296" WIDTH="27"/>
<String CONTENT="d’être" HEIGHT="42" HPOS="1712" ID="PAG_00000039_ST000112" VPOS="1295" WC="0.80166667699813843" WIDTH="133"/>
</TextLine>
<TextLine HEIGHT="51" HPOS="478" ID="PAG_00000039_TL000013" VPOS="1362" WIDTH="357">
<String CONTENT="aipplai" HEIGHT="51" HPOS="478" ID="PAG_00000039_ST000113" VPOS="1362" WC="0.73428571224212646" WIDTH="156"/>
<SP HPOS="635" ID="PAG_00000039_SP000101" VPOS="1362" WIDTH="19"/>
<String CONTENT="vot’" HEIGHT="40" HPOS="655" ID="PAG_00000039_ST000114" VPOS="1364" WC="0.78750002384185791" WIDTH="83"/>
<SP HPOS="739" ID="PAG_00000039_SP000102" VPOS="1363" WIDTH="17"/>
<String CONTENT="fés." HEIGHT="42" HPOS="757" ID="PAG_00000039_ST000115" VPOS="1362" WC="0.74500000476837158" WIDTH="78"/>
</TextLine>
<TextLine HEIGHT="54" HPOS="528" ID="PAG_00000039_TL000014" VPOS="1433" WIDTH="1317">
<String CONTENT="22." HEIGHT="38" HPOS="528" ID="PAG_00000039_ST000116" VPOS="1436" WC="0.85000002384185791" WIDTH="66"/>
<SP HPOS="595" ID="PAG_00000039_SP000103" VPOS="1434" WIDTH="30"/>
<String CONTENT="Alor" HEIGHT="42" HPOS="626" ID="PAG_00000039_ST000117" VPOS="1434" WC="0.63749998807907104" WIDTH="102"/>
<SP HPOS="729" ID="PAG_00000039_SP000104" VPOS="1436" WIDTH="15"/>
<String CONTENT="lo" HEIGHT="40" HPOS="745" ID="PAG_00000039_ST000118" VPOS="1436" WC="0.95499998331069946" WIDTH="40"/>
<SP HPOS="786" ID="PAG_00000039_SP000105" VPOS="1446" WIDTH="18"/>
<String CONTENT="père" HEIGHT="52" HPOS="805" ID="PAG_00000039_ST000119" VPOS="1435" WC="0.5899999737739563" WIDTH="102"/>
<SP HPOS="908" ID="PAG_00000039_SP000106" VPOS="1435" WIDTH="17"/>
<String CONTENT="die" HEIGHT="41" HPOS="926" ID="PAG_00000039_ST000120" VPOS="1435" WC="0.80666667222976685" WIDTH="68"/>
<SP HPOS="995" ID="PAG_00000039_SP000107" VPOS="1445" WIDTH="20"/>
<String CONTENT="ai" HEIGHT="40" HPOS="1016" ID="PAG_00000039_ST000121" VPOS="1435" WC="1" WIDTH="38"/>
<SP HPOS="1055" ID="PAG_00000039_SP000108" VPOS="1435" WIDTH="19"/>
<String CONTENT="ses" HEIGHT="30" HPOS="1075" ID="PAG_00000039_ST000122" VPOS="1446" WC="0.81999999284744263" WIDTH="69"/>
<SP HPOS="1145" ID="PAG_00000039_SP000109" VPOS="1446" WIDTH="19"/>
<String CONTENT="valais" HEIGHT="40" HPOS="1165" ID="PAG_00000039_ST000123" VPOS="1436" WC="0.76999998092651367" WIDTH="136"/>
<SP HPOS="1302" ID="PAG_00000039_SP000110" VPOS="1446" WIDTH="13"/>
<String CONTENT=":" HEIGHT="29" HPOS="1316" ID="PAG_00000039_ST000124" VPOS="1446" WC="0.56999999284744263" WIDTH="7"/>
<SP HPOS="1324" ID="PAG_00000039_SP000111" VPOS="1436" WIDTH="21"/>
<String CONTENT="Aippoichai" HEIGHT="52" HPOS="1346" ID="PAG_00000039_ST000125" VPOS="1433" WC="0.74299997091293335" WIDTH="249"/>
<SP HPOS="1596" ID="PAG_00000039_SP000112" VPOS="1433" WIDTH="21"/>
<String CONTENT="de" HEIGHT="41" HPOS="1618" ID="PAG_00000039_ST000126" VPOS="1433" WC="0.74500000476837158" WIDTH="51"/>
<SP HPOS="1670" ID="PAG_00000039_SP000113" VPOS="1444" WIDTH="19"/>
<String CONTENT="cheute" HEIGHT="41" HPOS="1690" ID="PAG_00000039_ST000127" VPOS="1434" WC="0.85000002384185791" WIDTH="155"/>
</TextLine>
<TextLine HEIGHT="53" HPOS="475" ID="PAG_00000039_TL000015" VPOS="1498" WIDTH="1370">
<String CONTENT="sai" HEIGHT="40" HPOS="475" ID="PAG_00000039_ST000128" VPOS="1500" WC="0.68999999761581421" WIDTH="62"/>
<SP HPOS="538" ID="PAG_00000039_SP000114" VPOS="1500" WIDTH="22"/>
<String CONTENT="primire" HEIGHT="50" HPOS="561" ID="PAG_00000039_ST000129" VPOS="1500" WC="0.89142858982086182" WIDTH="177"/>
<SP HPOS="739" ID="PAG_00000039_SP000115" VPOS="1511" WIDTH="16"/>
<String CONTENT="robe" HEIGHT="40" HPOS="756" ID="PAG_00000039_ST000130" VPOS="1501" WC="0.47999998927116394" WIDTH="104"/>
<SP HPOS="861" ID="PAG_00000039_SP000116" VPOS="1511" WIDTH="20"/>
<String CONTENT="et" HEIGHT="39" HPOS="882" ID="PAG_00000039_ST000131" VPOS="1502" WC="0.60000002384185791" WIDTH="42"/>
<SP HPOS="925" ID="PAG_00000039_SP000117" VPOS="1501" WIDTH="21"/>
<String CONTENT="lin" HEIGHT="39" HPOS="947" ID="PAG_00000039_ST000132" VPOS="1501" WC="0.75666666030883789" WIDTH="61"/>
<SP HPOS="1009" ID="PAG_00000039_SP000118" VPOS="1511" WIDTH="19"/>
<String CONTENT="reveli" HEIGHT="41" HPOS="1029" ID="PAG_00000039_ST000133" VPOS="1500" WC="0.76166665554046631" WIDTH="134"/>
<SP HPOS="1164" ID="PAG_00000039_SP000119" VPOS="1500" WIDTH="30"/>
<String CONTENT="et" HEIGHT="39" HPOS="1195" ID="PAG_00000039_ST000134" VPOS="1502" WC="0.77499997615814209" WIDTH="43"/>
<SP HPOS="1239" ID="PAG_00000039_SP000120" VPOS="1499" WIDTH="24"/>
<String CONTENT="botai" HEIGHT="41" HPOS="1264" ID="PAG_00000039_ST000135" VPOS="1499" WC="0.80000001192092896" WIDTH="116"/>
<SP HPOS="1381" ID="PAG_00000039_SP000121" VPOS="1499" WIDTH="37"/>
<String CONTENT="y" HEIGHT="40" HPOS="1419" ID="PAG_00000039_ST000136" VPOS="1511" WC="1" WIDTH="24"/>
<SP HPOS="1444" ID="PAG_00000039_SP000122" VPOS="1509" WIDTH="31"/>
<String CONTENT="enne" HEIGHT="31" HPOS="1476" ID="PAG_00000039_ST000137" VPOS="1508" WC="0.94749999046325684" WIDTH="113"/>
<SP HPOS="1590" ID="PAG_00000039_SP000123" VPOS="1498" WIDTH="38"/>
<String CONTENT="baigue" HEIGHT="51" HPOS="1629" ID="PAG_00000039_ST000138" VPOS="1498" WC="0.57499998807907104" WIDTH="153"/>
<SP HPOS="1783" ID="PAG_00000039_SP000124" VPOS="1508" WIDTH="37"/>
<String CONTENT="a" HEIGHT="31" HPOS="1821" ID="PAG_00000039_ST000139" VPOS="1508" WC="0.31000000238418579" WIDTH="24"/>
</TextLine>
<TextLine HEIGHT="52" HPOS="474" ID="PAG_00000039_TL000016" VPOS="1565" WIDTH="615">
<String CONTENT="doigt" HEIGHT="50" HPOS="474" ID="PAG_00000039_ST000140" VPOS="1566" WC="0.73199999332427979" WIDTH="117"/>
<SP HPOS="592" ID="PAG_00000039_SP000125" VPOS="1568" WIDTH="18"/>
<String CONTENT="et" HEIGHT="39" HPOS="611" ID="PAG_00000039_ST000141" VPOS="1568" WC="0.63999998569488525" WIDTH="42"/>
<SP HPOS="654" ID="PAG_00000039_SP000126" VPOS="1568" WIDTH="17"/>
<String CONTENT="ses" HEIGHT="30" HPOS="672" ID="PAG_00000039_ST000142" VPOS="1577" WC="0.60000002384185791" WIDTH="69"/>
<SP HPOS="742" ID="PAG_00000039_SP000127" VPOS="1577" WIDTH="19"/>
<String CONTENT="solais" HEIGHT="41" HPOS="762" ID="PAG_00000039_ST000143" VPOS="1566" WC="0.72500002384185791" WIDTH="132"/>
<SP HPOS="895" ID="PAG_00000039_SP000128" VPOS="1576" WIDTH="19"/>
<String CONTENT="es" HEIGHT="31" HPOS="915" ID="PAG_00000039_ST000144" VPOS="1576" WC="0.80000001192092896" WIDTH="45"/>
<SP HPOS="961" ID="PAG_00000039_SP000129" VPOS="1577" WIDTH="21"/>
<String CONTENT="piès." HEIGHT="52" HPOS="983" ID="PAG_00000039_ST000145" VPOS="1565" WC="0.76399999856948853" WIDTH="106"/>
</TextLine>
<TextLine HEIGHT="54" HPOS="526" ID="PAG_00000039_TL000017" VPOS="1639" WIDTH="1320">
<String CONTENT="23." HEIGHT="39" HPOS="526" ID="PAG_00000039_ST000146" VPOS="1643" WC="0.77999997138977051" WIDTH="70"/>
<SP HPOS="597" ID="PAG_00000039_SP000130" VPOS="1642" WIDTH="29"/>
<String CONTENT="Aimoinai" HEIGHT="41" HPOS="627" ID="PAG_00000039_ST000147" VPOS="1642" WC="0.78250002861022949" WIDTH="214"/>
<SP HPOS="842" ID="PAG_00000039_SP000131" VPOS="1642" WIDTH="20"/>
<String CONTENT="achi" HEIGHT="41" HPOS="863" ID="PAG_00000039_ST000148" VPOS="1642" WC="0.65750002861022949" WIDTH="94"/>
<SP HPOS="958" ID="PAG_00000039_SP000132" VPOS="1642" WIDTH="18"/>
<String CONTENT="lo" HEIGHT="41" HPOS="977" ID="PAG_00000039_ST000149" VPOS="1642" WC="0.875" WIDTH="43"/>
<SP HPOS="1021" ID="PAG_00000039_SP000133" VPOS="1652" WIDTH="17"/>
<String CONTENT="ves" HEIGHT="31" HPOS="1039" ID="PAG_00000039_ST000150" VPOS="1652" WC="0.80666667222976685" WIDTH="76"/>
<SP HPOS="1116" ID="PAG_00000039_SP000134" VPOS="1653" WIDTH="18"/>
<String CONTENT="grecit" HEIGHT="52" HPOS="1135" ID="PAG_00000039_ST000151" VPOS="1641" WC="0.63499999046325684" WIDTH="135"/>
<SP HPOS="1271" ID="PAG_00000039_SP000135" VPOS="1643" WIDTH="17"/>
<String CONTENT="et" HEIGHT="39" HPOS="1289" ID="PAG_00000039_ST000152" VPOS="1643" WC="0.88999998569488525" WIDTH="42"/>
<SP HPOS="1332" ID="PAG_00000039_SP000136" VPOS="1642" WIDTH="17"/>
<String CONTENT="lo" HEIGHT="40" HPOS="1350" ID="PAG_00000039_ST000153" VPOS="1642" WC="0.60500001907348633" WIDTH="41"/>
<SP HPOS="1392" ID="PAG_00000039_SP000137" VPOS="1641" WIDTH="26"/>
<String CONTENT="tuait" HEIGHT="42" HPOS="1419" ID="PAG_00000039_ST000154" VPOS="1639" WC="0.8320000171661377" WIDTH="109"/>
<SP HPOS="1529" ID="PAG_00000039_SP000138" VPOS="1643" WIDTH="17"/>
<String CONTENT=";" HEIGHT="39" HPOS="1547" ID="PAG_00000039_ST000155" VPOS="1651" WC="0.77999997138977051" WIDTH="9"/>
<SP HPOS="1557" ID="PAG_00000039_SP000139" VPOS="1650" WIDTH="32"/>
<String CONTENT="maingeons" HEIGHT="52" HPOS="1590" ID="PAG_00000039_ST000156" VPOS="1640" WC="0.69888889789581299" WIDTH="256"/>
</TextLine>
<TextLine HEIGHT="42" HPOS="474" ID="PAG_00000039_TL000018" VPOS="1704" WIDTH="365">
<String CONTENT="et" HEIGHT="39" HPOS="474" ID="PAG_00000039_ST000157" VPOS="1707" WC="0.92000001668930054" WIDTH="42"/>
<SP HPOS="517" ID="PAG_00000039_SP000140" VPOS="1705" WIDTH="18"/>
<String CONTENT="fesant" HEIGHT="40" HPOS="536" ID="PAG_00000039_ST000158" VPOS="1705" WC="0.52499997615814209" WIDTH="140"/>
<SP HPOS="677" ID="PAG_00000039_SP000141" VPOS="1704" WIDTH="17"/>
<String CONTENT="festin." HEIGHT="41" HPOS="695" ID="PAG_00000039_ST000159" VPOS="1704" WC="0.79857140779495239" WIDTH="144"/>
</TextLine>
<TextLine HEIGHT="52" HPOS="525" ID="PAG_00000039_TL000019" VPOS="1767" WIDTH="1320">
<String CONTENT="24." HEIGHT="39" HPOS="525" ID="PAG_00000039_ST000160" VPOS="1769" WC="0.71666663885116577" WIDTH="66"/>
<SP HPOS="592" ID="PAG_00000039_SP000142" VPOS="1769" WIDTH="32"/>
<String CONTENT="Car" HEIGHT="40" HPOS="625" ID="PAG_00000039_ST000161" VPOS="1769" WC="0.36000001430511475" WIDTH="78"/>
<SP HPOS="704" ID="PAG_00000039_SP000143" VPOS="1779" WIDTH="17"/>
<String CONTENT="veci" HEIGHT="41" HPOS="722" ID="PAG_00000039_ST000162" VPOS="1769" WC="0.65499997138977051" WIDTH="93"/>
<SP HPOS="816" ID="PAG_00000039_SP000144" VPOS="1769" WIDTH="21"/>
<String CONTENT="mon" HEIGHT="30" HPOS="838" ID="PAG_00000039_ST000163" VPOS="1779" WC="0.65333330631256104" WIDTH="100"/>
<SP HPOS="939" ID="PAG_00000039_SP000145" VPOS="1768" WIDTH="21"/>
<String CONTENT="fils" HEIGHT="41" HPOS="961" ID="PAG_00000039_ST000164" VPOS="1768" WC="0.93000000715255737" WIDTH="69"/>
<SP HPOS="1031" ID="PAG_00000039_SP000146" VPOS="1780" WIDTH="18"/>
<String CONTENT="qu’était" HEIGHT="51" HPOS="1050" ID="PAG_00000039_ST000165" VPOS="1768" WC="0.7462499737739563" WIDTH="176"/>
<SP HPOS="1227" ID="PAG_00000039_SP000147" VPOS="1770" WIDTH="18"/>
<String CONTENT="moué" HEIGHT="42" HPOS="1246" ID="PAG_00000039_ST000166" VPOS="1767" WC="0.67250001430511475" WIDTH="127"/>
<SP HPOS="1374" ID="PAG_00000039_SP000148" VPOS="1767" WIDTH="26"/>
<String CONTENT="et" HEIGHT="39" HPOS="1401" ID="PAG_00000039_ST000167" VPOS="1770" WC="0.63999998569488525" WIDTH="42"/>
<SP HPOS="1444" ID="PAG_00000039_SP000149" VPOS="1770" WIDTH="27"/>
<String CONTENT="ai" HEIGHT="40" HPOS="1472" ID="PAG_00000039_ST000168" VPOS="1768" WC="0.65499997138977051" WIDTH="39"/>
<SP HPOS="1512" ID="PAG_00000039_SP000150" VPOS="1768" WIDTH="27"/>
<String CONTENT="la" HEIGHT="39" HPOS="1540" ID="PAG_00000039_ST000169" VPOS="1769" WC="0.81499999761581421" WIDTH="40"/>
<SP HPOS="1581" ID="PAG_00000039_SP000151" VPOS="1778" WIDTH="28"/>
<String CONTENT="rechucitai" HEIGHT="42" HPOS="1610" ID="PAG_00000039_ST000170" VPOS="1767" WC="0.69900000095367432" WIDTH="235"/>
</TextLine>
<TextLine HEIGHT="53" HPOS="473" ID="PAG_00000039_TL000020" VPOS="1831" WIDTH="1373">
<String CONTENT="et" HEIGHT="38" HPOS="473" ID="PAG_00000039_ST000171" VPOS="1835" WC="0.88499999046325684" WIDTH="42"/>
<SP HPOS="516" ID="PAG_00000039_SP000152" VPOS="1833" WIDTH="20"/>
<String CONTENT="l’était" HEIGHT="42" HPOS="537" ID="PAG_00000039_ST000172" VPOS="1831" WC="0.69571429491043091" WIDTH="132"/>
<SP HPOS="670" ID="PAG_00000039_SP000153" VPOS="1834" WIDTH="18"/>
<String CONTENT="preju" HEIGHT="51" HPOS="689" ID="PAG_00000039_ST000173" VPOS="1833" WC="0.66200000047683716" WIDTH="123"/>
<SP HPOS="813" ID="PAG_00000039_SP000154" VPOS="1844" WIDTH="21"/>
<String CONTENT="et" HEIGHT="39" HPOS="835" ID="PAG_00000039_ST000174" VPOS="1835" WC="0.76999998092651367" WIDTH="41"/>
<SP HPOS="877" ID="PAG_00000039_SP000155" VPOS="1835" WIDTH="29"/>
<String CONTENT="ai" HEIGHT="39" HPOS="907" ID="PAG_00000039_ST000175" VPOS="1833" WC="0.61500000953674316" WIDTH="39"/>
<SP HPOS="947" ID="PAG_00000039_SP000156" VPOS="1833" WIDTH="29"/>
<String CONTENT="la" HEIGHT="39" HPOS="977" ID="PAG_00000039_ST000176" VPOS="1833" WC="0.46500000357627869" WIDTH="39"/>
<SP HPOS="1017" ID="PAG_00000039_SP000157" VPOS="1842" WIDTH="30"/>
<String CONTENT="retrovai" HEIGHT="41" HPOS="1048" ID="PAG_00000039_ST000177" VPOS="1832" WC="0.75625002384185791" WIDTH="189"/>
<SP HPOS="1238" ID="PAG_00000039_SP000158" VPOS="1832" WIDTH="39"/>
<String CONTENT="et" HEIGHT="38" HPOS="1278" ID="PAG_00000039_ST000178" VPOS="1835" WC="0.72500002384185791" WIDTH="42"/>
<SP HPOS="1321" ID="PAG_00000039_SP000159" VPOS="1835" WIDTH="36"/>
<String CONTENT="ai" HEIGHT="40" HPOS="1358" ID="PAG_00000039_ST000179" VPOS="1831" WC="0.5" WIDTH="38"/>
<SP HPOS="1397" ID="PAG_00000039_SP000160" VPOS="1831" WIDTH="33"/>
<String CONTENT="laicmoncerent" HEIGHT="41" HPOS="1431" ID="PAG_00000039_ST000180" VPOS="1832" WC="1" WIDTH="336"/>
<SP HPOS="1768" ID="PAG_00000039_SP000161" VPOS="1834" WIDTH="38"/>
<String CONTENT="ai" HEIGHT="41" HPOS="1807" ID="PAG_00000039_ST000181" VPOS="1831" WC="1" WIDTH="39"/>
</TextLine>
<TextLine HEIGHT="41" HPOS="473" ID="PAG_00000039_TL000021" VPOS="1895" WIDTH="263">
<String CONTENT="faire" HEIGHT="41" HPOS="473" ID="PAG_00000039_ST000182" VPOS="1895" WC="0.56800001859664917" WIDTH="106"/>
<SP HPOS="580" ID="PAG_00000039_SP000162" VPOS="1895" WIDTH="13"/>
<String CONTENT="festin." HEIGHT="41" HPOS="594" ID="PAG_00000039_ST000183" VPOS="1895" WC="0.72714287042617798" WIDTH="142"/>
</TextLine>
<TextLine HEIGHT="55" HPOS="523" ID="PAG_00000039_TL000022" VPOS="1957" WIDTH="1320">
<String CONTENT="25." HEIGHT="39" HPOS="523" ID="PAG_00000039_ST000184" VPOS="1961" WC="0.79000002145767212" WIDTH="65"/>
<SP HPOS="589" ID="PAG_00000039_SP000163" VPOS="1961" WIDTH="33"/>
<String CONTENT="Cependint" HEIGHT="51" HPOS="623" ID="PAG_00000039_ST000185" VPOS="1961" WC="0.73666667938232422" WIDTH="236"/>
<SP HPOS="860" ID="PAG_00000039_SP000164" VPOS="1961" WIDTH="26"/>
<String CONTENT="lo" HEIGHT="40" HPOS="887" ID="PAG_00000039_ST000186" VPOS="1961" WC="0.50499999523162842" WIDTH="40"/>
<SP HPOS="928" ID="PAG_00000039_SP000165" VPOS="1960" WIDTH="32"/>
<String CONTENT="fés" HEIGHT="42" HPOS="961" ID="PAG_00000039_ST000187" VPOS="1959" WC="0.74000000953674316" WIDTH="61"/>
<SP HPOS="1023" ID="PAG_00000039_SP000166" VPOS="1970" WIDTH="28"/>
<String CONTENT="ainai" HEIGHT="42" HPOS="1052" ID="PAG_00000039_ST000188" VPOS="1959" WC="0.78600001335144043" WIDTH="115"/>
<SP HPOS="1168" ID="PAG_00000039_SP000167" VPOS="1957" WIDTH="29"/>
<String CONTENT="était" HEIGHT="44" HPOS="1198" ID="PAG_00000039_ST000189" VPOS="1957" WC="0.76599997282028198" WIDTH="101"/>
<SP HPOS="1300" ID="PAG_00000039_SP000168" VPOS="1961" WIDTH="27"/>
<String CONTENT="es" HEIGHT="31" HPOS="1328" ID="PAG_00000039_ST000190" VPOS="1970" WC="0.82499998807907104" WIDTH="46"/>
<SP HPOS="1375" ID="PAG_00000039_SP000169" VPOS="1971" WIDTH="26"/>
<String CONTENT="chaimps" HEIGHT="51" HPOS="1402" ID="PAG_00000039_ST000191" VPOS="1960" WC="0.70285713672637939" WIDTH="194"/>
<SP HPOS="1597" ID="PAG_00000039_SP000170" VPOS="1970" WIDTH="19"/>
<String CONTENT=";" HEIGHT="37" HPOS="1617" ID="PAG_00000039_ST000192" VPOS="1971" WC="0.99000000953674316" WIDTH="8"/>
<SP HPOS="1626" ID="PAG_00000039_SP000171" VPOS="1961" WIDTH="36"/>
<String CONTENT="tient" HEIGHT="42" HPOS="1663" ID="PAG_00000039_ST000193" VPOS="1959" WC="0.89200001955032349" WIDTH="108"/>
<SP HPOS="1772" ID="PAG_00000039_SP000172" VPOS="1961" WIDTH="31"/>
<String CONTENT="ai" HEIGHT="40" HPOS="1804" ID="PAG_00000039_ST000194" VPOS="1959" WC="0.68000000715255737" WIDTH="39"/>
</TextLine>
<TextLine HEIGHT="52" HPOS="471" ID="PAG_00000039_TL000023" VPOS="2024" WIDTH="1371">
<String CONTENT="revint" HEIGHT="40" HPOS="471" ID="PAG_00000039_ST000195" VPOS="2025" WC="0.56166666746139526" WIDTH="142"/>
<SP HPOS="614" ID="PAG_00000039_SP000173" VPOS="2027" WIDTH="18"/>
<String CONTENT="et" HEIGHT="38" HPOS="633" ID="PAG_00000039_ST000196" VPOS="2028" WC="0.62000000476837158" WIDTH="42"/>
<SP HPOS="676" ID="PAG_00000039_SP000174" VPOS="2028" WIDTH="15"/>
<String CONTENT="qu’ai" HEIGHT="50" HPOS="692" ID="PAG_00000039_ST000197" VPOS="2026" WC="0.62999999523162842" WIDTH="114"/>
<SP HPOS="807" ID="PAG_00000039_SP000175" VPOS="2026" WIDTH="27"/>
<String CONTENT="l’aippreuchai" HEIGHT="51" HPOS="835" ID="PAG_00000039_ST000198" VPOS="2025" WC="0.7215384840965271" WIDTH="308"/>
<SP HPOS="1144" ID="PAG_00000039_SP000176" VPOS="2025" WIDTH="28"/>
<String CONTENT="de" HEIGHT="41" HPOS="1173" ID="PAG_00000039_ST000199" VPOS="2025" WC="0.94499999284744263" WIDTH="52"/>
<SP HPOS="1226" ID="PAG_00000039_SP000177" VPOS="2026" WIDTH="26"/>
<String CONTENT="lai" HEIGHT="40" HPOS="1253" ID="PAG_00000039_ST000200" VPOS="2025" WC="0.67000001668930054" WIDTH="57"/>
<SP HPOS="1311" ID="PAG_00000039_SP000178" VPOS="2025" WIDTH="33"/>
<String CONTENT="maigeon" HEIGHT="51" HPOS="1345" ID="PAG_00000039_ST000201" VPOS="2025" WC="0.75" WIDTH="199"/>
<SP HPOS="1545" ID="PAG_00000039_SP000179" VPOS="2034" WIDTH="24"/>
<String CONTENT="ai" HEIGHT="40" HPOS="1570" ID="PAG_00000039_ST000202" VPOS="2024" WC="0.98000001907348633" WIDTH="39"/>
<SP HPOS="1610" ID="PAG_00000039_SP000180" VPOS="2024" WIDTH="28"/>
<String CONTENT="louie" HEIGHT="41" HPOS="1639" ID="PAG_00000039_ST000203" VPOS="2024" WC="0.67199999094009399" WIDTH="115"/>
<SP HPOS="1755" ID="PAG_00000039_SP000181" VPOS="2025" WIDTH="29"/>
<String CONTENT="lai" HEIGHT="41" HPOS="1785" ID="PAG_00000039_ST000204" VPOS="2024" WC="0.99666666984558105" WIDTH="57"/>
</TextLine>
<TextLine HEIGHT="50" HPOS="472" ID="PAG_00000039_TL000024" VPOS="2090" WIDTH="761">
<String CONTENT="musique" HEIGHT="50" HPOS="472" ID="PAG_00000039_ST000205" VPOS="2090" WC="0.78714287281036377" WIDTH="200"/>
<SP HPOS="673" ID="PAG_00000039_SP000182" VPOS="2100" WIDTH="19"/>
<String CONTENT="et" HEIGHT="38" HPOS="693" ID="PAG_00000039_ST000206" VPOS="2093" WC="0.52499997615814209" WIDTH="40"/>
<SP HPOS="734" ID="PAG_00000039_SP000183" VPOS="2090" WIDTH="19"/>
<String CONTENT="lo" HEIGHT="40" HPOS="754" ID="PAG_00000039_ST000207" VPOS="2090" WC="0.41999998688697815" WIDTH="42"/>
<SP HPOS="797" ID="PAG_00000039_SP000184" VPOS="2091" WIDTH="18"/>
<String CONTENT="bru" HEIGHT="39" HPOS="816" ID="PAG_00000039_ST000208" VPOS="2091" WC="0.42666667699813843" WIDTH="78"/>
<SP HPOS="895" ID="PAG_00000039_SP000185" VPOS="2090" WIDTH="20"/>
<String CONTENT="de" HEIGHT="41" HPOS="916" ID="PAG_00000039_ST000209" VPOS="2090" WC="0.93000000715255737" WIDTH="52"/>
<SP HPOS="969" ID="PAG_00000039_SP000186" VPOS="2091" WIDTH="18"/>
<String CONTENT="lai" HEIGHT="40" HPOS="988" ID="PAG_00000039_ST000210" VPOS="2090" WC="0.70333331823348999" WIDTH="57"/>
<SP HPOS="1046" ID="PAG_00000039_SP000187" VPOS="2090" WIDTH="21"/>
<String CONTENT="dainse." HEIGHT="41" HPOS="1068" ID="PAG_00000039_ST000211" VPOS="2090" WC="0.63142859935760498" WIDTH="165"/>
</TextLine>
<TextLine HEIGHT="54" HPOS="522" ID="PAG_00000039_TL000025" VPOS="2164" WIDTH="1322">
<String CONTENT="26." HEIGHT="40" HPOS="522" ID="PAG_00000039_ST000212" VPOS="2165" WC="0.81000000238418579" WIDTH="65"/>
<SP HPOS="588" ID="PAG_00000039_SP000188" VPOS="2166" WIDTH="31"/>
<String CONTENT="Et" HEIGHT="40" HPOS="620" ID="PAG_00000039_ST000213" VPOS="2166" WC="0.74500000476837158" WIDTH="50"/>
<SP HPOS="671" ID="PAG_00000039_SP000189" VPOS="2168" WIDTH="19"/>
<String CONTENT="ai" HEIGHT="40" HPOS="691" ID="PAG_00000039_ST000214" VPOS="2166" WC="0.50499999523162842" WIDTH="39"/>
<SP HPOS="731" ID="PAG_00000039_SP000190" VPOS="2166" WIDTH="19"/>
<String CONTENT="l’applai" HEIGHT="52" HPOS="751" ID="PAG_00000039_ST000215" VPOS="2166" WC="0.98624998331069946" WIDTH="171"/>
<SP HPOS="923" ID="PAG_00000039_SP000191" VPOS="2166" WIDTH="22"/>
<String CONTENT="nin" HEIGHT="40" HPOS="946" ID="PAG_00000039_ST000216" VPOS="2166" WC="0.53333336114883423" WIDTH="76"/>
<SP HPOS="1023" ID="PAG_00000039_SP000192" VPOS="2166" WIDTH="27"/>
<String CONTENT="des" HEIGHT="41" HPOS="1051" ID="PAG_00000039_ST000217" VPOS="2166" WC="0.81999999284744263" WIDTH="75"/>
<SP HPOS="1127" ID="PAG_00000039_SP000193" VPOS="2177" WIDTH="28"/>
<String CONTENT="valats" HEIGHT="40" HPOS="1156" ID="PAG_00000039_ST000218" VPOS="2167" WC="0.83666664361953735" WIDTH="138"/>
<SP HPOS="1295" ID="PAG_00000039_SP000194" VPOS="2176" WIDTH="30"/>
<String CONTENT="et" HEIGHT="39" HPOS="1326" ID="PAG_00000039_ST000219" VPOS="2168" WC="0.35499998927116394" WIDTH="40"/>
<SP HPOS="1367" ID="PAG_00000039_SP000195" VPOS="2168" WIDTH="30"/>
<String CONTENT="ai" HEIGHT="41" HPOS="1398" ID="PAG_00000039_ST000220" VPOS="2165" WC="0.99500000476837158" WIDTH="39"/>
<SP HPOS="1438" ID="PAG_00000039_SP000196" VPOS="2165" WIDTH="30"/>
<String CONTENT="y" HEIGHT="41" HPOS="1469" ID="PAG_00000039_ST000221" VPOS="2177" WC="1" WIDTH="25"/>
<SP HPOS="1495" ID="PAG_00000039_SP000197" VPOS="2165" WIDTH="31"/>
<String CONTENT="demandai" HEIGHT="42" HPOS="1527" ID="PAG_00000039_ST000222" VPOS="2164" WC="0.86250001192092896" WIDTH="229"/>
<SP HPOS="1757" ID="PAG_00000039_SP000198" VPOS="2164" WIDTH="38"/>
<String CONTENT="so" HEIGHT="30" HPOS="1796" ID="PAG_00000039_ST000223" VPOS="2175" WC="1" WIDTH="48"/>
</TextLine>
<TextLine HEIGHT="49" HPOS="471" ID="PAG_00000039_TL000026" VPOS="2229" WIDTH="260">
<String CONTENT="que" HEIGHT="39" HPOS="471" ID="PAG_00000039_ST000224" VPOS="2239" WC="0.68333333730697632" WIDTH="84"/>
<SP HPOS="556" ID="PAG_00000039_SP000199" VPOS="2239" WIDTH="20"/>
<String CONTENT="c’était." HEIGHT="42" HPOS="577" ID="PAG_00000039_ST000225" VPOS="2229" WC="0.67624998092651367" WIDTH="154"/>
</TextLine>
<TextLine HEIGHT="52" HPOS="522" ID="PAG_00000039_TL000027" VPOS="2294" WIDTH="1323">
<String CONTENT="27." HEIGHT="40" HPOS="522" ID="PAG_00000039_ST000226" VPOS="2294" WC="0.99000000953674316" WIDTH="65"/>
<SP HPOS="588" ID="PAG_00000039_SP000200" VPOS="2295" WIDTH="31"/>
<String CONTENT="Et" HEIGHT="40" HPOS="620" ID="PAG_00000039_ST000227" VPOS="2295" WC="1" WIDTH="49"/>
<SP HPOS="670" ID="PAG_00000039_SP000201" VPOS="2297" WIDTH="18"/>
<String CONTENT="stuci" HEIGHT="40" HPOS="689" ID="PAG_00000039_ST000228" VPOS="2295" WC="0.83399999141693115" WIDTH="109"/>
<SP HPOS="799" ID="PAG_00000039_SP000202" VPOS="2295" WIDTH="19"/>
<String CONTENT="y" HEIGHT="39" HPOS="819" ID="PAG_00000039_ST000229" VPOS="2307" WC="1" WIDTH="25"/>
<SP HPOS="845" ID="PAG_00000039_SP000203" VPOS="2295" WIDTH="19"/>
<String CONTENT="dié" HEIGHT="42" HPOS="865" ID="PAG_00000039_ST000230" VPOS="2294" WC="0.77333331108093262" WIDTH="68"/>
<SP HPOS="934" ID="PAG_00000039_SP000204" VPOS="2294" WIDTH="18"/>
<String CONTENT=":" HEIGHT="28" HPOS="953" ID="PAG_00000039_ST000231" VPOS="2307" WC="0.56999999284744263" WIDTH="6"/>
<SP HPOS="960" ID="PAG_00000039_SP000205" VPOS="2296" WIDTH="25"/>
<String CONTENT="Votre" HEIGHT="40" HPOS="986" ID="PAG_00000039_ST000232" VPOS="2296" WC="0.95999997854232788" WIDTH="127"/>
<SP HPOS="1114" ID="PAG_00000039_SP000206" VPOS="2295" WIDTH="19"/>
<String CONTENT="frère" HEIGHT="42" HPOS="1134" ID="PAG_00000039_ST000233" VPOS="2294" WC="0.60799998044967651" WIDTH="112"/>
<SP HPOS="1247" ID="PAG_00000039_SP000207" VPOS="2304" WIDTH="20"/>
<String CONTENT="ai" HEIGHT="40" HPOS="1268" ID="PAG_00000039_ST000234" VPOS="2294" WC="1" WIDTH="38"/>
<SP HPOS="1307" ID="PAG_00000039_SP000208" VPOS="2294" WIDTH="22"/>
<String CONTENT="airivai" HEIGHT="41" HPOS="1330" ID="PAG_00000039_ST000235" VPOS="2294" WC="0.68714284896850586" WIDTH="151"/>
<SP HPOS="1482" ID="PAG_00000039_SP000209" VPOS="2294" WIDTH="32"/>
<String CONTENT="et" HEIGHT="40" HPOS="1515" ID="PAG_00000039_ST000236" VPOS="2296" WC="0.75499999523162842" WIDTH="41"/>
<SP HPOS="1557" ID="PAG_00000039_SP000210" VPOS="2296" WIDTH="29"/>
<String CONTENT="votre" HEIGHT="40" HPOS="1587" ID="PAG_00000039_ST000237" VPOS="2296" WC="0.82999998331069946" WIDTH="123"/>
<SP HPOS="1711" ID="PAG_00000039_SP000211" VPOS="2304" WIDTH="32"/>
<String CONTENT="père" HEIGHT="51" HPOS="1744" ID="PAG_00000039_ST000238" VPOS="2294" WC="0.79250001907348633" WIDTH="101"/>
</TextLine>
<TextLine HEIGHT="53" HPOS="471" ID="PAG_00000039_TL000028" VPOS="2359" WIDTH="1114">
<String CONTENT="ai" HEIGHT="41" HPOS="471" ID="PAG_00000039_ST000239" VPOS="2359" WC="1" WIDTH="37"/>
<SP HPOS="509" ID="PAG_00000039_SP000212" VPOS="2359" WIDTH="20"/>
<String CONTENT="tuait" HEIGHT="40" HPOS="530" ID="PAG_00000039_ST000240" VPOS="2361" WC="0.39599999785423279" WIDTH="109"/>
<SP HPOS="640" ID="PAG_00000039_SP000213" VPOS="2361" WIDTH="18"/>
<String CONTENT="lo" HEIGHT="39" HPOS="659" ID="PAG_00000039_ST000241" VPOS="2361" WC="0.94999998807907104" WIDTH="40"/>
<SP HPOS="700" ID="PAG_00000039_SP000214" VPOS="2371" WIDTH="19"/>
<String CONTENT="vés" HEIGHT="42" HPOS="720" ID="PAG_00000039_ST000242" VPOS="2359" WC="0.66333335638046265" WIDTH="75"/>
<SP HPOS="796" ID="PAG_00000039_SP000215" VPOS="2371" WIDTH="19"/>
<String CONTENT="grécit" HEIGHT="53" HPOS="816" ID="PAG_00000039_ST000243" VPOS="2359" WC="0.67000001668930054" WIDTH="134"/>
<SP HPOS="951" ID="PAG_00000039_SP000216" VPOS="2364" WIDTH="16"/>
<String CONTENT="poiche" HEIGHT="51" HPOS="968" ID="PAG_00000039_ST000244" VPOS="2361" WC="0.6433333158493042" WIDTH="152"/>
<SP HPOS="1121" ID="PAG_00000039_SP000217" VPOS="2371" WIDTH="20"/>
<String CONTENT="quai" HEIGHT="50" HPOS="1142" ID="PAG_00000039_ST000245" VPOS="2361" WC="0.62999999523162842" WIDTH="101"/>
<SP HPOS="1244" ID="PAG_00000039_SP000218" VPOS="2361" WIDTH="19"/>
<String CONTENT="la" HEIGHT="39" HPOS="1264" ID="PAG_00000039_ST000246" VPOS="2361" WC="0.625" WIDTH="41"/>
<SP HPOS="1306" ID="PAG_00000039_SP000219" VPOS="2370" WIDTH="21"/>
<String CONTENT="reveni" HEIGHT="41" HPOS="1328" ID="PAG_00000039_ST000247" VPOS="2361" WC="0.92166668176651001" WIDTH="148"/>
<SP HPOS="1477" ID="PAG_00000039_SP000220" VPOS="2361" WIDTH="22"/>
<String CONTENT="sin." HEIGHT="42" HPOS="1500" ID="PAG_00000039_ST000248" VPOS="2360" WC="0.73250001668930054" WIDTH="85"/>
</TextLine>
<TextLine HEIGHT="51" HPOS="522" ID="PAG_00000039_TL000029" VPOS="2434" WIDTH="1322">
<String CONTENT="28." HEIGHT="39" HPOS="522" ID="PAG_00000039_ST000249" VPOS="2434" WC="0.91333335638046265" WIDTH="64"/>
<SP HPOS="587" ID="PAG_00000039_SP000221" VPOS="2435" WIDTH="33"/>
<String CONTENT="Li" HEIGHT="40" HPOS="621" ID="PAG_00000039_ST000250" VPOS="2434" WC="0.8399999737739563" WIDTH="42"/>
<SP HPOS="664" ID="PAG_00000039_SP000222" VPOS="2434" WIDTH="20"/>
<String CONTENT="déchu," HEIGHT="50" HPOS="685" ID="PAG_00000039_ST000251" VPOS="2434" WC="0.67500001192092896" WIDTH="153"/>
<SP HPOS="839" ID="PAG_00000039_SP000223" VPOS="2445" WIDTH="24"/>
<String CONTENT="ai" HEIGHT="39" HPOS="864" ID="PAG_00000039_ST000252" VPOS="2435" WC="1" WIDTH="37"/>
<SP HPOS="902" ID="PAG_00000039_SP000224" VPOS="2435" WIDTH="18"/>
<String CONTENT="se" HEIGHT="31" HPOS="921" ID="PAG_00000039_ST000253" VPOS="2445" WC="0.94999998807907104" WIDTH="46"/>
<SP HPOS="968" ID="PAG_00000039_SP000225" VPOS="2436" WIDTH="18"/>
<String CONTENT="botai" HEIGHT="41" HPOS="987" ID="PAG_00000039_ST000254" VPOS="2435" WC="0.73199999332427979" WIDTH="115"/>
<SP HPOS="1103" ID="PAG_00000039_SP000226" VPOS="2435" WIDTH="17"/>
<String CONTENT="en" HEIGHT="31" HPOS="1121" ID="PAG_00000039_ST000255" VPOS="2445" WC="0.41499999165534973" WIDTH="52"/>
<SP HPOS="1174" ID="PAG_00000039_SP000227" VPOS="2445" WIDTH="21"/>
<String CONTENT="colère" HEIGHT="40" HPOS="1196" ID="PAG_00000039_ST000256" VPOS="2435" WC="0.60500001907348633" WIDTH="144"/>
<SP HPOS="1341" ID="PAG_00000039_SP000228" VPOS="2445" WIDTH="19"/>
<String CONTENT="et" HEIGHT="39" HPOS="1361" ID="PAG_00000039_ST000257" VPOS="2436" WC="0.73000001907348633" WIDTH="41"/>
<SP HPOS="1403" ID="PAG_00000039_SP000229" VPOS="2436" WIDTH="17"/>
<String CONTENT="ne" HEIGHT="30" HPOS="1421" ID="PAG_00000039_ST000258" VPOS="2445" WC="0.5899999737739563" WIDTH="55"/>
<SP HPOS="1477" ID="PAG_00000039_SP000230" VPOS="2445" WIDTH="19"/>
<String CONTENT="vlai" HEIGHT="39" HPOS="1497" ID="PAG_00000039_ST000259" VPOS="2435" WC="0.74000000953674316" WIDTH="83"/>
<SP HPOS="1581" ID="PAG_00000039_SP000231" VPOS="2435" WIDTH="30"/>
<String CONTENT="point" HEIGHT="51" HPOS="1612" ID="PAG_00000039_ST000260" VPOS="2434" WC="0.68999999761581421" WIDTH="121"/>
<SP HPOS="1734" ID="PAG_00000039_SP000232" VPOS="2436" WIDTH="32"/>
<String CONTENT="en" HEIGHT="31" HPOS="1767" ID="PAG_00000039_ST000261" SUBS_CONTENT="entrai," SUBS_TYPE="HypPart1" VPOS="2444" WC="0.34000000357627869" WIDTH="52"/>
<HYP CONTENT="­"/>
</TextLine>
<TextLine HEIGHT="54" HPOS="470" ID="PAG_00000039_TL000030" VPOS="2497" WIDTH="1317">
<String CONTENT="trai," HEIGHT="46" HPOS="470" ID="PAG_00000039_ST000262" SUBS_CONTENT="entrai," SUBS_TYPE="HypPart2" VPOS="2499" WC="0.79600000381469727" WIDTH="97"/>
<SP HPOS="568" ID="PAG_00000039_SP000233" VPOS="2509" WIDTH="19"/>
<String CONTENT="mais" HEIGHT="42" HPOS="588" ID="PAG_00000039_ST000263" VPOS="2498" WC="0.5625" WIDTH="109"/>
<SP HPOS="698" ID="PAG_00000039_SP000234" VPOS="2509" WIDTH="19"/>
<String CONTENT="son" HEIGHT="30" HPOS="718" ID="PAG_00000039_ST000264" VPOS="2510" WC="0.86333334445953369" WIDTH="80"/>
<SP HPOS="799" ID="PAG_00000039_SP000235" VPOS="2510" WIDTH="22"/>
<String CONTENT="père" HEIGHT="52" HPOS="822" ID="PAG_00000039_ST000265" VPOS="2499" WC="0.60750001668930054" WIDTH="101"/>
<SP HPOS="924" ID="PAG_00000039_SP000236" VPOS="2497" WIDTH="18"/>
<String CONTENT="étint" HEIGHT="44" HPOS="943" ID="PAG_00000039_ST000266" VPOS="2497" WC="0.60000002384185791" WIDTH="108"/>
<SP HPOS="1052" ID="PAG_00000039_SP000237" VPOS="2501" WIDTH="18"/>
<String CONTENT="souchie" HEIGHT="40" HPOS="1071" ID="PAG_00000039_ST000267" VPOS="2500" WC="0.48428571224212646" WIDTH="178"/>
<SP HPOS="1250" ID="PAG_00000039_SP000238" VPOS="2510" WIDTH="19"/>
<String CONTENT="se" HEIGHT="30" HPOS="1270" ID="PAG_00000039_ST000268" VPOS="2510" WC="0.56000000238418579" WIDTH="46"/>
<SP HPOS="1317" ID="PAG_00000039_SP000239" VPOS="2499" WIDTH="18"/>
<String CONTENT="botai" HEIGHT="41" HPOS="1336" ID="PAG_00000039_ST000269" VPOS="2499" WC="0.74800002574920654" WIDTH="116"/>
<SP HPOS="1453" ID="PAG_00000039_SP000240" VPOS="2499" WIDTH="20"/>
<String CONTENT="et" HEIGHT="40" HPOS="1474" ID="PAG_00000039_ST000270" VPOS="2501" WC="0.35499998927116394" WIDTH="41"/>
<SP HPOS="1516" ID="PAG_00000039_SP000241" VPOS="2501" WIDTH="18"/>
<String CONTENT="l’en" HEIGHT="42" HPOS="1535" ID="PAG_00000039_ST000271" VPOS="2499" WC="0.7850000262260437" WIDTH="84"/>
<SP HPOS="1620" ID="PAG_00000039_SP000242" VPOS="2510" WIDTH="23"/>
<String CONTENT="praye." HEIGHT="42" HPOS="1644" ID="PAG_00000039_ST000272" VPOS="2508" WC="0.53333336114883423" WIDTH="143"/>
</TextLine>
<TextLine HEIGHT="53" HPOS="521" ID="PAG_00000039_TL000031" VPOS="2574" WIDTH="1323">
<String CONTENT="29." HEIGHT="40" HPOS="521" ID="PAG_00000039_ST000273" VPOS="2575" WC="1" WIDTH="65"/>
<SP HPOS="587" ID="PAG_00000039_SP000243" VPOS="2576" WIDTH="32"/>
<String CONTENT="Et" HEIGHT="40" HPOS="620" ID="PAG_00000039_ST000274" VPOS="2576" WC="0.79000002145767212" WIDTH="48"/>
<SP HPOS="669" ID="PAG_00000039_SP000244" VPOS="2580" WIDTH="27"/>
<String CONTENT="stuci" HEIGHT="41" HPOS="697" ID="PAG_00000039_ST000275" VPOS="2577" WC="0.56599998474121094" WIDTH="111"/>
<SP HPOS="809" ID="PAG_00000039_SP000245" VPOS="2577" WIDTH="31"/>
<String CONTENT="répondit" HEIGHT="51" HPOS="841" ID="PAG_00000039_ST000276" VPOS="2576" WC="0.86374998092651367" WIDTH="201"/>
<SP HPOS="1043" ID="PAG_00000039_SP000246" VPOS="2578" WIDTH="37"/>
<String CONTENT="ai" HEIGHT="39" HPOS="1081" ID="PAG_00000039_ST000277" VPOS="2576" WC="0.95999997854232788" WIDTH="38"/>
<SP HPOS="1120" ID="PAG_00000039_SP000247" VPOS="2576" WIDTH="38"/>
<String CONTENT="son" HEIGHT="31" HPOS="1159" ID="PAG_00000039_ST000278" VPOS="2585" WC="0.61666667461395264" WIDTH="79"/>
<SP HPOS="1239" ID="PAG_00000039_SP000248" VPOS="2586" WIDTH="43"/>
<String CONTENT="père" HEIGHT="52" HPOS="1283" ID="PAG_00000039_ST000279" VPOS="2575" WC="0.7225000262260437" WIDTH="101"/>
<SP HPOS="1385" ID="PAG_00000039_SP000249" VPOS="2586" WIDTH="16"/>
<String CONTENT=":" HEIGHT="29" HPOS="1402" ID="PAG_00000039_ST000280" VPOS="2587" WC="0.6600000262260437" WIDTH="7"/>
<SP HPOS="1410" ID="PAG_00000039_SP000250" VPOS="2577" WIDTH="40"/>
<String CONTENT="Voilige" HEIGHT="52" HPOS="1451" ID="PAG_00000039_ST000281" VPOS="2575" WC="0.77142858505249023" WIDTH="166"/>
<SP HPOS="1618" ID="PAG_00000039_SP000251" VPOS="2575" WIDTH="37"/>
<String CONTENT="bin" HEIGHT="41" HPOS="1656" ID="PAG_00000039_ST000282" VPOS="2574" WC="0.31999999284744263" WIDTH="73"/>
<SP HPOS="1730" ID="PAG_00000039_SP000252" VPOS="2574" WIDTH="37"/>
<String CONTENT="des" HEIGHT="41" HPOS="1768" ID="PAG_00000039_ST000283" VPOS="2574" WC="0.89666664600372314" WIDTH="76"/>
</TextLine>
<TextLine HEIGHT="53" HPOS="469" ID="PAG_00000039_TL000032" VPOS="2640" WIDTH="1372">
<String CONTENT="annais" HEIGHT="40" HPOS="469" ID="PAG_00000039_ST000284" VPOS="2641" WC="0.40333333611488342" WIDTH="154"/>
<SP HPOS="624" ID="PAG_00000039_SP000253" VPOS="2652" WIDTH="18"/>
<String CONTENT="que" HEIGHT="40" HPOS="643" ID="PAG_00000039_ST000285" VPOS="2651" WC="0.76999998092651367" WIDTH="84"/>
<SP HPOS="728" ID="PAG_00000039_SP000254" VPOS="2651" WIDTH="18"/>
<String CONTENT="vos" HEIGHT="30" HPOS="747" ID="PAG_00000039_ST000286" VPOS="2652" WC="0.79666668176651001" WIDTH="79"/>
<SP HPOS="827" ID="PAG_00000039_SP000255" VPOS="2652" WIDTH="18"/>
<String CONTENT="servas" HEIGHT="32" HPOS="846" ID="PAG_00000039_ST000287" VPOS="2650" WC="0.63499999046325684" WIDTH="148"/>
<SP HPOS="995" ID="PAG_00000039_SP000256" VPOS="2651" WIDTH="19"/>
<String CONTENT="et" HEIGHT="38" HPOS="1015" ID="PAG_00000039_ST000288" VPOS="2643" WC="0.49500000476837158" WIDTH="41"/>
<SP HPOS="1057" ID="PAG_00000039_SP000257" VPOS="2643" WIDTH="18"/>
<String CONTENT="y" HEIGHT="40" HPOS="1076" ID="PAG_00000039_ST000289" VPOS="2653" WC="1" WIDTH="24"/>
<SP HPOS="1101" ID="PAG_00000039_SP000258" VPOS="2651" WIDTH="29"/>
<String CONTENT="ne" HEIGHT="31" HPOS="1131" ID="PAG_00000039_ST000290" VPOS="2650" WC="0.62999999523162842" WIDTH="54"/>
<SP HPOS="1186" ID="PAG_00000039_SP000259" VPOS="2650" WIDTH="28"/>
<String CONTENT="vos" HEIGHT="30" HPOS="1215" ID="PAG_00000039_ST000291" VPOS="2651" WC="0.69333332777023315" WIDTH="77"/>
<SP HPOS="1293" ID="PAG_00000039_SP000260" VPOS="2651" WIDTH="35"/>
<String CONTENT="ai" HEIGHT="41" HPOS="1329" ID="PAG_00000039_ST000292" VPOS="2640" WC="0.70499998331069946" WIDTH="37"/>
<SP HPOS="1367" ID="PAG_00000039_SP000261" VPOS="2640" WIDTH="26"/>
<String CONTENT="jemais" HEIGHT="51" HPOS="1394" ID="PAG_00000039_ST000293" VPOS="2640" WC="0.71833330392837524" WIDTH="155"/>
<SP HPOS="1550" ID="PAG_00000039_SP000262" VPOS="2641" WIDTH="28"/>
<String CONTENT="désobéi" HEIGHT="42" HPOS="1579" ID="PAG_00000039_ST000294" VPOS="2640" WC="0.58857142925262451" WIDTH="176"/>
<SP HPOS="1756" ID="PAG_00000039_SP000263" VPOS="2640" WIDTH="29"/>
<String CONTENT="en" HEIGHT="30" HPOS="1786" ID="PAG_00000039_ST000295" VPOS="2650" WC="0.54500001668930054" WIDTH="55"/>
</TextLine>
<TextLine HEIGHT="51" HPOS="469" ID="PAG_00000039_TL000033" VPOS="2703" WIDTH="1374">
<String CONTENT="ren" HEIGHT="30" HPOS="469" ID="PAG_00000039_ST000296" VPOS="2714" WC="0.63999998569488525" WIDTH="76"/>
<SP HPOS="546" ID="PAG_00000039_SP000264" VPOS="2704" WIDTH="21"/>
<String CONTENT="de" HEIGHT="40" HPOS="568" ID="PAG_00000039_ST000297" VPOS="2704" WC="0.45500001311302185" WIDTH="52"/>
<SP HPOS="621" ID="PAG_00000039_SP000265" VPOS="2714" WIDTH="19"/>
<String CONTENT="ce" HEIGHT="30" HPOS="641" ID="PAG_00000039_ST000298" VPOS="2714" WC="0.80500000715255737" WIDTH="48"/>
<SP HPOS="690" ID="PAG_00000039_SP000266" VPOS="2714" WIDTH="15"/>
<String CONTENT="que" HEIGHT="39" HPOS="706" ID="PAG_00000039_ST000299" VPOS="2715" WC="0.68333333730697632" WIDTH="84"/>
<SP HPOS="791" ID="PAG_00000039_SP000267" VPOS="2715" WIDTH="18"/>
<String CONTENT="vos" HEIGHT="30" HPOS="810" ID="PAG_00000039_ST000300" VPOS="2715" WC="0.69333332777023315" WIDTH="77"/>
<SP HPOS="888" ID="PAG_00000039_SP000268" VPOS="2714" WIDTH="25"/>
<String CONTENT="m'ait" HEIGHT="42" HPOS="914" ID="PAG_00000039_ST000301" VPOS="2704" WC="0.57400000095367432" WIDTH="119"/>
<SP HPOS="1034" ID="PAG_00000039_SP000269" VPOS="2707" WIDTH="29"/>
<String CONTENT="commaindait" HEIGHT="42" HPOS="1064" ID="PAG_00000039_ST000302" VPOS="2703" WC="0.68999999761581421" WIDTH="309"/>
<SP HPOS="1374" ID="PAG_00000039_SP000270" VPOS="2707" WIDTH="26"/>
<String CONTENT="et" HEIGHT="40" HPOS="1401" ID="PAG_00000039_ST000303" VPOS="2705" WC="0.5899999737739563" WIDTH="42"/>
<SP HPOS="1444" ID="PAG_00000039_SP000271" VPOS="2705" WIDTH="26"/>
<String CONTENT="poichin" HEIGHT="51" HPOS="1471" ID="PAG_00000039_ST000304" VPOS="2703" WC="0.65571427345275879" WIDTH="170"/>
<SP HPOS="1642" ID="PAG_00000039_SP000272" VPOS="2714" WIDTH="33"/>
<String CONTENT="vos" HEIGHT="30" HPOS="1676" ID="PAG_00000039_ST000305" VPOS="2713" WC="0.73333334922790527" WIDTH="79"/>
<SP HPOS="1756" ID="PAG_00000039_SP000273" VPOS="2713" WIDTH="31"/>
<String CONTENT="ne" HEIGHT="30" HPOS="1788" ID="PAG_00000039_ST000306" VPOS="2713" WC="0.43999999761581421" WIDTH="55"/>
</TextLine>
<TextLine HEIGHT="53" HPOS="470" ID="PAG_00000039_TL000034" VPOS="2767" WIDTH="1372">
<String CONTENT="m’ait" HEIGHT="40" HPOS="470" ID="PAG_00000039_ST000307" VPOS="2768" WC="0.70599997043609619" WIDTH="117"/>
<SP HPOS="588" ID="PAG_00000039_SP000274" VPOS="2767" WIDTH="11"/>
<String CONTENT="jemais" HEIGHT="52" HPOS="600" ID="PAG_00000039_ST000308" VPOS="2767" WC="0.71166664361953735" WIDTH="155"/>
<SP HPOS="756" ID="PAG_00000039_SP000275" VPOS="2769" WIDTH="16"/>
<String CONTENT="bayié" HEIGHT="53" HPOS="773" ID="PAG_00000039_ST000309" VPOS="2767" WC="0.45199999213218689" WIDTH="122"/>
<SP HPOS="896" ID="PAG_00000039_SP000276" VPOS="2767" WIDTH="18"/>
<String CONTENT="in" HEIGHT="39" HPOS="915" ID="PAG_00000039_ST000310" VPOS="2768" WC="0.7149999737739563" WIDTH="43"/>
<SP HPOS="959" ID="PAG_00000039_SP000277" VPOS="2778" WIDTH="21"/>
<String CONTENT="chevreu" HEIGHT="39" HPOS="981" ID="PAG_00000039_ST000311" VPOS="2769" WC="0.62000000476837158" WIDTH="186"/>
<SP HPOS="1168" ID="PAG_00000039_SP000278" VPOS="2779" WIDTH="35"/>
<String CONTENT="pou" HEIGHT="41" HPOS="1204" ID="PAG_00000039_ST000312" VPOS="2777" WC="0.54666668176651001" WIDTH="83"/>
<SP HPOS="1288" ID="PAG_00000039_SP000279" VPOS="2768" WIDTH="29"/>
<String CONTENT="faire" HEIGHT="41" HPOS="1318" ID="PAG_00000039_ST000313" VPOS="2767" WC="0.62999999523162842" WIDTH="106"/>
<SP HPOS="1425" ID="PAG_00000039_SP000280" VPOS="2768" WIDTH="29"/>
<String CONTENT="festin" HEIGHT="41" HPOS="1455" ID="PAG_00000039_ST000314" VPOS="2767" WC="0.7316666841506958" WIDTH="126"/>
<SP HPOS="1582" ID="PAG_00000039_SP000281" VPOS="2777" WIDTH="36"/>
<String CONTENT="aivo" HEIGHT="40" HPOS="1619" ID="PAG_00000039_ST000315" VPOS="2767" WC="0.81499999761581421" WIDTH="95"/>
<SP HPOS="1715" ID="PAG_00000039_SP000282" VPOS="2776" WIDTH="34"/>
<String CONTENT="mes" HEIGHT="32" HPOS="1750" ID="PAG_00000039_ST000316" VPOS="2776" WC="0.85000002384185791" WIDTH="92"/>
</TextLine>
<TextLine HEIGHT="40" HPOS="470" ID="PAG_00000039_TL000035" VPOS="2832" WIDTH="140">
<String CONTENT="aimis." HEIGHT="40" HPOS="470" ID="PAG_00000039_ST000317" VPOS="2832" WC="0.81999999284744263" WIDTH="140"/>
</TextLine>
<TextLine HEIGHT="52" HPOS="521" ID="PAG_00000039_TL000036" VPOS="2897" WIDTH="1318">
<String CONTENT="30." HEIGHT="38" HPOS="521" ID="PAG_00000039_ST000318" VPOS="2899" WC="0.50999999046325684" WIDTH="66"/>
<SP HPOS="588" ID="PAG_00000039_SP000283" VPOS="2898" WIDTH="31"/>
<String CONTENT="Mais" HEIGHT="41" HPOS="620" ID="PAG_00000039_ST000319" VPOS="2897" WC="0.79000002145767212" WIDTH="103"/>
<SP HPOS="724" ID="PAG_00000039_SP000284" VPOS="2907" WIDTH="20"/>
<String CONTENT="achitot" HEIGHT="41" HPOS="745" ID="PAG_00000039_ST000320" VPOS="2898" WC="0.61000001430511475" WIDTH="160"/>
<SP HPOS="906" ID="PAG_00000039_SP000285" VPOS="2901" WIDTH="23"/>
<String CONTENT="que" HEIGHT="40" HPOS="930" ID="PAG_00000039_ST000321" VPOS="2908" WC="0.67666667699813843" WIDTH="84"/>
<SP HPOS="1015" ID="PAG_00000039_SP000286" VPOS="2908" WIDTH="30"/>
<String CONTENT="votre" HEIGHT="39" HPOS="1046" ID="PAG_00000039_ST000322" VPOS="2900" WC="0.84799998998641968" WIDTH="123"/>
<SP HPOS="1170" ID="PAG_00000039_SP000287" VPOS="2908" WIDTH="29"/>
<String CONTENT="atre" HEIGHT="39" HPOS="1200" ID="PAG_00000039_ST000323" VPOS="2900" WC="0.48249998688697815" WIDTH="91"/>
<SP HPOS="1292" ID="PAG_00000039_SP000288" VPOS="2898" WIDTH="30"/>
<String CONTENT="fés" HEIGHT="42" HPOS="1323" ID="PAG_00000039_ST000324" VPOS="2897" WC="0.66333335638046265" WIDTH="62"/>
<SP HPOS="1386" ID="PAG_00000039_SP000289" VPOS="2909" WIDTH="29"/>
<String CONTENT="qu’ai" HEIGHT="51" HPOS="1416" ID="PAG_00000039_ST000325" VPOS="2898" WC="0.72000002861022949" WIDTH="115"/>
<SP HPOS="1532" ID="PAG_00000039_SP000290" VPOS="2898" WIDTH="35"/>
<String CONTENT="mingie" HEIGHT="51" HPOS="1568" ID="PAG_00000039_ST000326" VPOS="2898" WC="0.72333335876464844" WIDTH="162"/>
<SP HPOS="1731" ID="PAG_00000039_SP000291" VPOS="2909" WIDTH="27"/>
<String CONTENT="son" HEIGHT="31" HPOS="1759" ID="PAG_00000039_ST000327" VPOS="2908" WC="0.37000000476837158" WIDTH="80"/>
</TextLine>
</TextBlock>
</PrintSpace>
</Page>
</Layout>
</alto>
