2426 3791
1174 543 54 6 —
1255 518 81 44 110
1363 543 54 7 —

665 636 65 39 14.
753 635 48 41 Et
819 636 145 50 quand
997 638 126 49 aguet
1142 638 95 40 tout
1258 638 161 49 acabat,
1444 648 86 31 uno
1551 639 163 50 grando
1749 638 161 41 famino
1932 639 36 40 si

612 696 59 42 fet
686 698 136 41 sentir
850 698 97 42 dins
976 709 166 42 aqueau
1164 710 103 42 pays
1287 703 41 39 et
1359 701 183 42 toumbet
1567 703 94 39 tout
1679 701 23 40 à
1723 701 58 42 fet
1813 701 97 41 dins
1930 702 41 40 la

615 759 171 43 miseré.

667 826 64 39 15.
751 825 121 42 Alors
901 826 90 42 s’en
1025 829 99 39 anet
1144 829 41 40 et
1204 827 36 41 si
1262 829 146 40 mettet
1440 838 85 30 oou
1556 829 153 41 servici
1740 829 101 40 d’un
1876 828 91 41 deis

613 887 200 43 habilans
831 889 126 41 d’oou
975 899 103 44 pays
1097 901 84 41 que
1198 892 73 40 lou
1291 892 172 41 mandet
1483 891 23 41 à
1527 902 47 31 sa
1594 892 166 42 bastido
1781 903 75 41 per
1876 902 86 41 gar-

614 951 77 41 dar
711 952 86 41 seis
825 963 199 41 pouarcs.

667 1016 66 40 16.
756 1016 153 51 Aquito
938 1016 112 43 sérié
1070 1021 89 39 esta
1179 1019 83 42 ben
1295 1022 207 40 countent
1521 1021 52 41 de
1591 1030 196 43 pousque
1819 1022 149 39 s'assa-

621 1080 144 44 doular
782 1080 92 42 deis
885 1092 158 42 gruyos
1056 1093 84 40 que
1156 1083 252 42 dounavoun
1431 1084 22 40 à
1469 1094 198 42 mangear
1685 1085 62 41 eis
1764 1094 183 43 pouarcs
1965 1104 9 38 ;

618 1144 86 41 maï
725 1143 141 51 dégun
889 1145 56 39 n’i
967 1146 99 40 n’en
1087 1146 216 41 dounavo.

671 1209 63 39 17.
755 1207 123 42 Alors
897 1209 153 42 rintret
1069 1220 54 32 en
1139 1221 82 31 eou
1244 1211 138 42 même
1400 1213 40 40 et
1460 1212 145 51 diguet
1622 1223 8 29 :
1649 1212 140 46 Quant
1808 1211 55 52 l’y
1885 1219 22 31 a
1923 1210 52 41 de

617 1271 161 41 varlets
813 1272 98 42 dins
941 1273 243 43 l’houstaou
1214 1275 51 40 de
1299 1285 132 30 moun
1465 1274 119 52 païré
1604 1285 83 40 que
1724 1285 54 29 an
1810 1274 87 40 maï
1926 1273 52 42 de

618 1344 86 42 pan
725 1346 84 40 que
830 1336 98 41 n’an
950 1337 52 42 de
1022 1337 166 41 besoun
1209 1341 41 40 et
1269 1348 109 43 yeou
1402 1339 167 41 moueri
1590 1339 51 41 de
1662 1339 84 40 fam
1770 1339 8 39 !

672 1411 64 39 18.
761 1409 42 42 Si
825 1411 98 41 faou
944 1411 118 42 lévar
1083 1413 148 41 anarai
1253 1413 177 41 troubar
1450 1423 131 31 moun
1605 1411 118 53 païré
1741 1413 40 40 et
1800 1412 30 40 li
1845 1411 108 42 dirai
1968 1422 8 29 :

618 1474 127 41 Moun
770 1474 133 51 païré,
928 1475 38 40 ai
988 1478 120 49 pecat
1125 1478 151 39 contro
1297 1477 73 40 lou
1392 1475 106 43 céou
1519 1479 41 39 et
1583 1478 140 39 contro
1749 1485 123 31 vous.

672 1540 64 40 19.
760 1539 135 41 Meriti
916 1550 76 41 pas
1009 1550 84 41 que
1125 1541 292 52 m’appelloun
1446 1541 205 40 vouestre
1685 1538 113 43 fiéou
1830 1539 152 40 trattas

620 1602 58 40 mi
698 1613 155 31 coumo
874 1604 61 41 fes
956 1602 24 42 à
1003 1604 234 42 vouestreis
1260 1605 175 41 varlets.

669 1669 67 40 20.
760 1668 42 41 Si
819 1669 113 41 levet
945 1671 41 39 et
1005 1672 186 48 venguet
1206 1670 176 40 troubar
1397 1679 110 31 soun
1520 1667 136 53 païré,
1676 1669 41 40 et
1732 1677 74 31 ero
1822 1676 158 32 encaro

617 1733 83 41 ben
718 1732 119 41 luein
857 1732 145 50 quand
1016 1743 112 30 soun
1149 1732 118 52 païré
1287 1734 73 39 lou
1379 1731 156 51 véguet
1556 1731 137 49 venir,
1718 1733 41 39 et
1774 1731 36 40 si
1825 1732 153 40 senten

618 1799 180 48 touquat
818 1797 52 41 de
897 1797 272 51 compassion
1192 1807 45 31 se
1260 1798 145 40 mettet
1427 1795 22 40 à
1474 1794 144 43 courré
1645 1794 23 41 à
1689 1805 46 31 sa
1757 1796 225 40 rescontro

618 1860 30 40 li
670 1861 140 40 sautet
831 1870 81 31 oou
935 1861 99 40 couï
1054 1862 42 40 et
1115 1861 283 40 l’embrasset.

671 1926 66 40 21.
761 1925 122 40 Alors
915 1926 73 40 lou
1019 1926 114 40 fieou
1166 1926 39 41 le
1237 1924 146 52 diguët
1404 1936 8 29 :
1435 1925 129 40 Moun
1594 1921 135 54 païré,
1763 1922 40 41 ai
1833 1923 149 50 peccat

620 1992 151 40 contro
786 1990 73 40 lou
880 2000 107 31 ceou
1009 1992 42 39 et
1069 1992 150 39 contro
1241 1990 52 41 de
1312 1999 125 39 vous,
1462 1987 141 43 meriti
1624 1997 75 42 pas
1713 1998 84 40 que
1817 1987 89 40 l’on
1923 1986 59 40 mi

620 2057 145 41 doune
781 2057 74 40 lou
877 2066 133 31 noum
1031 2056 52 41 de
1102 2058 203 39 vouestre
1326 2055 130 42 fieou.

673 2123 66 40 22.
762 2121 122 42 Alors
913 2122 72 41 lou
1007 2121 119 52 païré
1156 2123 183 40 souenet
1367 2122 86 41 seis
1483 2121 173 48 varlets,
1681 2121 41 39 et
1740 2118 29 40 li
1801 2117 147 51 diguet
1974 2128 8 30 :

623 2190 151 40 Sarcas
795 2199 48 31 sa
874 2187 212 52 première
1106 2187 134 41 raubo
1270 2189 42 40 et
1330 2185 221 43 viestisses
1583 2186 89 48 lou,
1698 2185 150 40 mettes
1869 2182 29 41 li
1926 2193 59 30 un

622 2262 172 33 anneou
814 2262 82 32 oou
920 2252 71 42 det
1011 2253 42 41 et
1069 2252 53 42 de
1142 2250 185 42 souliers
1348 2260 22 31 a
1388 2260 69 32 ses
1479 2250 117 51 peds.

674 2329 66 39 23.
764 2327 91 42 Ana
875 2337 145 32 sarcar
1040 2327 72 41 lou
1134 2326 165 42 vedeou
1316 2335 98 43 gras
1434 2327 40 40 et
1485 2326 72 40 lou
1582 2322 143 43 tuarés
1743 2332 186 42 mangen
1947 2323 43 41 et

626 2394 231 51 regalensi.

676 2459 67 39 24.
765 2458 130 40 Parce
914 2466 84 41 que
1019 2465 134 31 moun
1179 2454 115 42 fieou
1313 2453 148 53 qu’éro
1482 2453 169 41 mouart
1672 2461 23 31 a
1714 2450 275 51 ressuscitât,

625 2532 75 33 ero
733 2521 155 52 perdut
922 2522 41 40 et
993 2520 72 41 l’aï
1098 2519 222 43 retroubat
1354 2530 8 30 :
1397 2526 350 34 coumenceroun
1784 2516 145 41 doune
1963 2515 24 40 à

630 2587 242 43 s’intaular.

678 2653 67 40 25.
767 2652 104 40 Dins
901 2652 74 41 lou
1006 2652 112 40 tems
1148 2660 112 31 soun
1293 2648 115 42 fieou
1427 2649 76 40 lou
1535 2646 113 52 magi
1678 2645 83 53 qué
1794 2656 74 32 ero
1893 2645 23 40 à
1946 2645 43 40 la

628 2726 238 42 campagno
887 2715 92 42 s’en
999 2713 127 43 venié
1143 2723 23 31 a
1185 2714 214 40 l’oustaou
1421 2713 39 40 et
1480 2711 202 41 entende!
1714 2710 51 41 de
1785 2710 102 41 luen
1911 2708 81 42 leis

629 2780 268 42 instrumens
917 2781 41 40 et
977 2779 74 41 lou
1071 2778 80 41 bru
1173 2778 91 41 deis
1284 2776 240 42 dansaïres.

683 2855 66 40 26.
769 2853 237 43 Demandet
1025 2862 23 31 a
1070 2863 59 31 un
1150 2851 91 43 deis
1260 2851 160 42 varlets
1440 2859 48 33 ce
1508 2859 84 42 que
1612 2858 74 32 ero
1708 2848 176 51 aquoto.

685 2930 62 46 27.
775 2929 217 53 Aquestou
1026 2928 30 41 li
1088 2927 147 53 diguet
1266 2938 8 30 :
1307 2926 208 42 Vouestre
1547 2922 131 44 fraïré
1706 2922 122 43 cadet
1860 2932 46 32 es
1943 2922 52 42 de
