2373 3844
1208 517 53 7 —
1290 495 52 42 80
1370 517 53 7 —

702 610 65 41 32.
800 610 102 41 Mais
933 611 126 41 caillo
1081 611 37 41 fa
1151 623 56 29 un
1229 612 125 42 festin
1390 614 41 40 et
1452 622 111 31 nous
1594 611 135 53 réjoui
1759 624 124 40 perço
1916 614 83 51 què

651 672 145 42 bostré
816 674 142 52 frayrè
988 685 75 30 ero
1084 677 111 38 mort
1215 679 42 37 et
1275 675 39 41 èl
1331 675 47 42 ès
1397 676 264 49 ressuscitât,
1683 676 39 41 èl
1746 676 65 42 èro
1853 658 144 70 perdut

652 739 41 39 et
712 737 46 41 ès
778 740 111 39 estât
908 739 233 42 retroubat.

650 990 220 34 Traduction
897 991 46 32 de
960 991 35 33 la
1016 991 173 34 Parabole
1205 991 46 33 de
1272 992 153 33 l’Enfant
1441 991 190 41 Prodigue,
1648 999 46 24 en
1710 990 119 42 patois
1854 990 45 33 de
1919 990 65 33 l’ar­

784 1042 273 34 rondissement
1073 1043 45 33 de
1138 1043 93 42 Foix,
1251 1044 252 42 département
1517 1043 45 33 de
1578 1042 161 42 l’Ariége.
1758 1043 55 41 (M.
1831 1042 42 41 i.)

704 1149 66 40 11.
802 1148 63 40 Un
887 1148 161 42 certain
1069 1149 128 41 home
1223 1158 96 41 ageg
1342 1148 109 41 dous
1468 1150 218 50 gougeats.

706 1213 60 40 12.
799 1214 50 40 Et
867 1214 40 41 le
928 1225 80 40 pus
1024 1213 132 53 joube
1182 1212 153 52 diguec
1356 1212 24 41 à
1399 1223 80 30 son
1504 1212 117 52 paire
1644 1223 9 29 :
1682 1212 178 41 Dounax
1881 1221 66 32 me
1965 1212 39 39 la

652 1276 196 51 pourtiou
883 1277 75 42 des
979 1278 75 42 bés
1087 1287 84 41 que
1206 1287 67 31 me
1301 1280 208 48 perloquo
1533 1288 9 38 ;
1565 1278 42 40 et
1626 1276 40 42 le
1684 1275 118 53 paire
1821 1276 62 41 les
1908 1275 98 41 lour

656 1323 175 69 debiseg.

707 1406 62 39 13.
802 1406 49 40 Et
877 1415 112 42 pauq
1021 1405 52 42 de
1101 1404 101 53 jous
1222 1404 138 42 s’eren
1394 1407 171 49 passato
1596 1414 83 41 que
1708 1404 40 40 le
1769 1414 79 41 pus
1876 1402 130 53 joube

652 1476 128 42 apros
801 1467 182 43 abétout
1003 1470 211 40 ramassai
1235 1468 91 41 c’en
1349 1477 108 43 aneg
1477 1469 67 51 pel
1564 1468 145 49 mond,
1726 1468 166 41 dinsun
1914 1467 92 51 pais

652 1533 83 41 fort
764 1534 187 51 éloignât
969 1537 41 39 et
1039 1535 100 51 aqui
1159 1534 188 52 dissipeg
1368 1544 50 40 ço
1440 1545 83 40 que
1545 1534 110 48 abio,
1676 1544 54 31 en
1763 1534 126 41 biben
1909 1533 98 41 dins

653 1598 39 40 la
710 1598 331 42 dissouloution.

705 1663 64 40 14.
801 1664 49 41 Et
878 1664 145 51 quand
1056 1674 105 41 ageg
1179 1666 92 40 tout
1290 1663 243 53 despensat,
1556 1663 169 51 arribeg
1756 1663 95 41 dins
1883 1663 123 51 aquel

654 1725 92 51 pais
784 1736 86 31 una
908 1727 163 51 granda
1108 1727 156 41 famina
1307 1730 42 40 et
1383 1727 39 42 el
1454 1736 275 42 commenseg
1768 1726 143 42 d'estre
1954 1735 53 32 en

655 1791 242 41 nécessitât.

707 1856 64 39 15.
803 1855 49 41 Et
872 1855 90 42 s’en
992 1866 110 41 aneg
1134 1858 40 40 et
1205 1866 46 31 se
1281 1855 172 51 douneg
1474 1853 23 42 à
1530 1865 58 30 un
1621 1854 194 41 habitant
1843 1853 166 52 d’aquel

655 1919 90 50 pais
776 1929 84 41 que
893 1919 253 54 l’enbouyeg
1179 1919 97 42 dins
1309 1928 88 32 una
1429 1918 91 42 siba
1558 1918 132 42 borda
1720 1927 74 43 per
1824 1929 26 41 y
1880 1916 130 52 garda

654 1982 62 43 les
738 1994 139 41 porcs.

708 2051 64 40 16.
805 2051 46 39 El
874 2051 39 41 el
933 2050 198 42 desirabo
1152 2050 53 43 de
1220 2062 46 30 se
1285 2050 178 52 remplir
1483 2051 40 41 le
1542 2049 151 42 bentre
1708 2049 74 41 des
1803 2047 205 53 peilloffes

655 2124 84 41 que
759 2115 61 40 les
842 2124 124 41 porcs
989 2114 264 51 mangeaben
1272 2116 42 39 et
1332 2114 124 50 digus
1478 2123 86 31 nou
1587 2113 52 52 l’y
1659 2112 214 41 dounabo.

706 2167 67 39 17.
805 2169 86 40 Mes
919 2168 212 50 rebengut
1150 2177 54 31 en
1225 2168 38 41 el
1285 2168 171 48 mateix,
1480 2167 39 41 el
1542 2166 155 51 digueg
1726 2177 7 29 :
1758 2166 31 38 Y
1808 2174 22 31 a
1853 2166 90 39 tant
1962 2164 52 41 de

656 2232 168 41 baillets
854 2231 98 42 dins
983 2231 171 42 l’oustal
1184 2231 52 42 de
1257 2242 101 30 mon
1387 2231 118 52 paire
1533 2240 84 41 que
1638 2238 183 43 mangen
1852 2239 51 41 pa
1923 2230 92 39 tant

657 2306 84 41 que
759 2296 127 41 bolen
907 2298 42 39 et
968 2306 82 42 yeu
1072 2305 68 31 me
1161 2295 110 41 mori
1291 2305 74 42 acy
1383 2294 52 42 de
1452 2294 86 40 fam
1562 2294 8 39 !

713 2363 61 39 18.
797 2362 89 46 Que
907 2371 67 30 me
997 2359 94 43 lebé
1111 2362 41 40 et
1171 2361 113 40 m’en
1301 2358 121 43 aniré
1441 2358 153 43 trouba
1615 2368 100 31 mon
1739 2357 115 53 paire
1875 2359 41 40 et
1933 2368 83 41 que

657 2425 41 52 ly
718 2425 98 51 digo
841 2436 8 30 :
871 2425 122 42 Paire
1016 2424 38 41 ai
1076 2426 147 50 peccat
1240 2426 150 39 contre
1406 2424 41 41 le
1471 2423 56 41 cel
1552 2426 41 38 et
1611 2423 158 41 debani
1788 2422 120 41 bous.

713 2492 63 39 19.
808 2492 49 39 Ja
878 2500 88 32 nou
990 2490 151 41 mérité
1174 2499 77 42 pas
1271 2489 154 41 d’estre
1445 2489 169 51 appelât
1637 2488 141 41 bostre
1798 2487 59 49 fil,
1881 2489 137 40 tratax

659 2566 69 31 me
748 2566 155 31 coumo
928 2566 56 30 un
1009 2555 75 41 des
1107 2554 157 42 bostris
1284 2554 182 41 baillets.

714 2621 66 39 20.
815 2621 49 39 Et
885 2630 45 31 se
951 2618 127 42 leban
1096 2618 90 42 s’en
1200 2618 192 50 benguec
1405 2628 55 31 en
1481 2628 49 31 co
1550 2617 51 41 de
1621 2627 78 31 son
1713 2616 128 51 paire.
1860 2616 158 40 Coumo

662 2685 120 41 n’ero
803 2694 159 32 encaro
992 2685 122 49 leng,
1139 2693 78 31 son
1239 2683 117 52 paire
1373 2683 40 41 le
1433 2683 187 50 begeget
1641 2682 208 50 fousqueg
1878 2681 143 40 toucat

661 2750 52 41 de
734 2748 290 53 compassiou.
1056 2748 49 41 Et
1127 2757 53 32 en
1201 2747 200 42 courrien
1422 2747 39 39 al
1482 2746 157 43 devant
1658 2745 81 50 del,
1763 2745 60 52 s’y
1842 2743 110 52 jetec
1981 2744 39 39 al

661 2814 64 41 col
747 2816 42 38 et
809 2814 40 40 le
870 2813 160 50 baiseg.

714 2876 65 41 21.
813 2877 49 40 Et
878 2876 39 41 le
939 2875 45 42 fil
1004 2876 41 52 ly
1060 2875 154 52 digueg
1237 2886 7 31 :
1269 2875 121 42 Paire
1411 2885 80 41 yeu
1515 2874 38 41 ai
1573 2875 144 51 peccat
1736 2875 148 39 contre
1904 2873 39 41 le
1957 2872 63 41 cel
