2429 3790
1146 588 52 6 —
1233 569 9 37 1
1263 565 45 41 44
1338 588 51 7 —

580 682 73 40 tan
673 681 169 51 dè-j-an
864 692 84 40 que
967 692 54 31 vo
1052 682 275 42 schèrvescho
1352 685 41 39 et
1413 683 53 41 dè
1488 693 100 31 mon
1612 683 74 51 mî,
1706 683 66 42 n’è
1808 682 131 52 djèmé

581 746 139 41 fauriâ
740 747 246 40 onschaulo
1007 746 52 42 de
1076 748 210 41 voussbrè
1301 748 345 51 quemandemin,
1674 751 41 39 et
1731 758 51 31 vo
1805 745 139 55 djèmé

581 821 54 30 vo
658 821 54 30 ne
732 810 83 41 mei
833 810 134 41 coton
986 811 238 41 besshornâ
1241 822 51 40 po
1315 811 182 52 lemedjî
1513 815 41 38 et
1570 811 68 42 mê
1659 812 144 41 rèdzoï
1820 812 124 41 avuei

583 875 233 52 mè-j-èmi.

636 940 65 40 30.
725 938 58 41 Mà
810 938 52 52 pâ
893 938 186 52 pessboû
1112 939 113 51 qu’iè
1258 940 196 41 voussbr’
1482 940 141 40 n-ôtro
1649 940 39 40 fe
1708 940 43 39 li’
1774 939 23 41 è
1818 938 121 42 révu-

584 1013 103 41 gnu,
724 1003 260 41 vousshrom
1018 1002 179 50 dèbrefâ,
1237 1013 84 41 que
1351 1004 41 39 li’
1429 1013 23 30 a
1487 1002 128 53 medji
1641 1005 44 39 to
1712 1004 124 40 schon
1875 1002 72 40 bin

585 1067 123 42 avuei
732 1067 40 40 di
798 1067 177 51 grelôte,
996 1077 54 31 vo
1072 1066 55 41 léi
1148 1066 94 42 fédè
1273 1067 154 51 majalâ
1447 1068 39 39 le
1506 1067 42 41 vi
1571 1067 90 51 grâ.

639 1132 65 39 31.
727 1130 63 40 Mà
810 1131 53 48 fe,
888 1130 52 41 lei
961 1130 93 52 deje
1085 1131 39 41 le
1145 1130 84 41 bon
1262 1131 119 49 vilio,
1407 1132 182 41 n’î-ssho
1626 1131 52 52 pâ
1697 1142 55 30 on
1792 1131 117 42 bènei
1936 1134 14 38 ?

586 1195 71 49 Tè,
680 1198 39 39 te
740 1195 211 42 schaubrè
969 1195 130 41 totèvi
1121 1196 124 41 avuei
1268 1196 66 41 mè
1356 1198 41 38 et
1417 1198 39 39 to
1479 1197 121 40 schin
1633 1207 83 40 que
1734 1196 45 41 li’
1800 1196 23 42 è
1846 1196 103 49 mio,

587 1260 44 40 li’
654 1259 23 42 è
698 1260 72 41 tio.

643 1324 64 40 32.
732 1322 76 49 Mâ,
843 1323 165 41 tèmuin
1036 1322 52 41 dè
1116 1322 55 50 té,
1195 1333 56 30 on
1284 1334 52 30 ne
1369 1324 99 50 puei
1504 1324 52 51 pâ
1577 1323 52 42 dè
1653 1324 88 40 min
1774 1324 100 50 quiè
1903 1325 52 40 dè

590 1388 100 41 scbè
711 1388 159 50 rèdzoï,
894 1387 58 41 dû
973 1398 83 41 que
1074 1390 73 38 ton
1168 1387 114 42 frâre
1302 1399 83 39 que
1407 1389 41 39 li’
1472 1388 63 42 irè
1562 1390 84 40 moi
1668 1390 41 39 li’
1731 1388 221 42 èrèschus-

591 1452 127 51 cbitâ,
741 1463 82 41 que
844 1453 40 39 li’
905 1452 62 41 irè
989 1452 134 52 perdu
1147 1455 41 38 et
1207 1452 29 40 li
1254 1452 23 41 è
1297 1454 189 40 retrova.

594 1649 175 33 Parabole
786 1649 45 32 de
849 1648 153 33 l’Enfant
1020 1649 192 41 Prodigue,
1239 1651 105 31 toute
1369 1658 46 24 en
1443 1650 69 32 béa
1539 1651 143 40 lingage
1711 1652 141 40 povtein
1889 1653 72 32 dau

730 1702 169 33 zévirons
917 1702 46 32 de
983 1702 259 42 Sen-Moixent,
1262 1703 224 42 compousée
1503 1704 90 41 pr’in
1617 1704 213 33 Reboutrou.

652 1797 62 38 11.
749 1795 78 41 OIT
847 1807 25 40 y
889 1795 114 41 avait
1023 1795 57 40 in’
1102 1796 71 48 fet,
1197 1796 57 39 in’
1277 1797 158 40 houme
1456 1796 73 51 qui
1553 1797 112 41 avait
1685 1797 112 41 deux
1818 1797 103 42 faill.

652 1860 63 39 12.
746 1860 55 39 Le
823 1870 55 40 pu
895 1858 101 52 jène
1017 1859 83 40 dau
1121 1859 113 41 deux
1254 1859 97 41 d’cit
1372 1860 43 39 in
1434 1860 75 51 jou
1540 1860 22 40 à
1593 1870 77 31 son
1708 1860 100 51 père
1826 1872 7 29 :
1868 1862 94 40 Mon

600 1923 95 51 p’pa
718 1932 23 30 o
763 1922 90 40 faut
873 1932 113 40 quou
1025 1922 53 40 m’
1114 1922 188 42 bail'illez
1336 1924 40 39 la
1409 1924 93 50 part
1534 1924 73 50 qui
1642 1934 68 30 me
1740 1924 141 41 revint
1913 1924 51 41 de

598 1987 106 39 vout
726 1986 267 41 succession.

653 2051 64 39 13.
750 2051 54 40 Le
826 2050 293 41 boun’houme
1141 2052 196 49 gremelit
1358 2051 50 42 bé
1428 2052 44 40 in
1496 2053 113 51 pouâ
1633 2053 331 43 maislefinissit

600 2116 95 39 tout
714 2114 52 41 de
788 2114 138 42 même
948 2114 59 51 pr’
1032 2125 45 31 se
1095 2115 192 41 d’cidaie.

654 2181 65 39 14.
751 2180 222 52 Thieuque
989 2180 75 51 jou
1088 2180 168 52 apraie,
1291 2191 84 40 que
1409 2181 117 41 thiau
1561 2181 129 42 chétit
1715 2186 256 47 garnement

602 2242 105 53 odjit
727 2243 192 42 ramassé
940 2246 93 39 tout
1053 2254 48 31 ce
1118 2244 73 51 qui
1209 2244 30 40 li
1260 2244 205 50 r’venait,
1493 2246 40 41 le
1567 2246 205 52 s’nondjit
1800 2247 51 41 bé
1883 2247 87 41 lein

603 2307 52 42 bé
676 2308 102 49 lein,
801 2308 108 40 dans
931 2308 88 40 n’in
1044 2308 137 52 pouëy
1202 2307 236 53 d’étronge,
1462 2311 41 39 et
1523 2310 40 41 le
1594 2310 173 51 meingit
1803 2313 93 39 tout
1924 2321 49 31 ce

606 2381 84 40 que
709 2370 205 41 l’avouait
933 2370 22 39 à
979 2369 151 42 fouère
1148 2371 41 38 la
1210 2370 146 42 ribote.

660 2437 63 38 15.
758 2435 173 46 Quoure
951 2433 136 53 l’odjit
1109 2437 91 39 tout
1222 2436 179 51 meingé,
1431 2447 24 29 o
1485 2437 105 40 v’nit
1619 2437 72 41 ine
1717 2437 164 51 gronde
1910 2438 40 40 fa­

608 2500 116 41 mine
744 2500 108 40 dans
872 2500 119 40 thiau
1014 2499 153 52 pouëy,
1192 2502 41 38 et
1253 2510 54 31 ne
1328 2501 136 40 savait
1485 2501 92 41 rein
1598 2503 203 39 coument
1825 2502 150 41 fouère

609 2564 60 51 pr’
691 2563 135 41 vivre.

663 2626 64 40 16.
760 2627 55 40 Le
835 2625 55 42 sit
904 2624 119 43 forcé
1043 2625 53 42 de
1116 2636 46 32 se
1181 2624 130 53 lougé
1330 2624 78 44 ché
1441 2626 88 39 n’in
1563 2626 168 42 mocieu
1763 2626 75 51 qui
1869 2626 100 41 l'en-

609 2689 135 42 veillit
766 2689 107 40 dans
893 2689 85 41 in’e
999 2689 51 40 de
1068 2688 46 42 sé
1134 2689 136 42 farme
1292 2690 60 51 pr’
1375 2689 173 51 gardaie
1570 2689 38 41 lé
1629 2691 152 49 gorett.

667 2755 63 39 17.
761 2753 151 42 N’était
930 2765 165 32 marme
1115 2767 54 39 pu
1194 2755 35 40 si
1250 2754 173 42 difficile
1453 2765 84 40 que
1566 2755 145 41 l’avait
1740 2753 67 42 été
1837 2757 41 38 et
1907 2755 70 40 oll’

612 2818 175 41 arrivait
807 2821 94 38 tout
922 2819 97 51 pien
1041 2819 52 41 de
1113 2821 86 40 cott
1218 2830 84 40 que
1324 2819 138 41 Tarait
1479 2819 165 42 rantaie
1664 2818 52 42 bé
1737 2818 170 52 meingé
1927 2820 52 40 de

611 2882 41 39 la
678 2881 166 43 brenaie
870 2893 83 40 que
974 2883 25 40 T
1022 2883 156 51 portait
1201 2883 21 40 à
1244 2884 188 43 thiellaie
1446 2886 153 49 gorett,
1616 2885 361 52 maispressoune

614 2955 54 32 ne
688 2945 26 41 T
737 2946 188 41 conviait
946 2946 22 41 à
991 2947 97 41 n’en
1113 2947 201 53 prendre.
