2407 3782
1188 526 53 6 —
1269 504 53 41 50
1350 527 51 6 —

614 623 69 48 nit,
710 625 41 40 et
772 624 115 41 alors
904 624 80 41 ch’i
1006 625 62 40 fut
1088 626 94 40 tout
1202 635 123 41 prees
1343 625 54 42 do
1419 626 122 51 logis,
1565 626 31 41 il
1614 626 193 42 entendit
1826 636 84 41 que
1926 626 41 41 le

610 686 233 51 chantiant,
866 697 85 41 que
970 687 40 41 le
1027 687 215 42 dansiant.

663 751 67 40 26.
762 752 32 40 Il
816 753 159 51 appelit
993 752 45 41 in
1059 752 75 42 des
1154 754 112 40 valet
1285 763 76 41 pre
1390 756 239 49 queneutre
1660 764 48 31 ce
1740 753 99 51 qu’o
1869 752 98 41 n’en

615 813 160 43 n’étoit.

667 879 66 40 27.
766 880 31 40 O
819 880 94 41 l’est
929 881 53 40 sti
1002 880 60 41 fil
1083 891 84 40 que
1183 886 153 36 voutre
1356 880 111 42 frère
1488 884 64 38 est
1574 881 158 50 vingut,
1759 882 41 39 et
1818 881 154 40 voutre

616 942 103 52 père
739 944 199 41 l’avisant
958 945 114 51 plien
1093 945 53 41 de
1164 945 69 41 vie
1255 955 23 30 a
1298 946 75 40 fait
1391 947 96 40 tuer
1507 946 41 40 le
1567 945 156 40 beudet
1743 954 112 41 gras.

671 1008 66 39 28.
769 1009 144 40 Cheux
932 1009 67 40 chi
1020 1019 54 30 en
1096 1009 88 50 ogit
1200 1020 60 29 un
1282 1009 33 40 si
1337 1009 136 51 grand
1494 1008 115 51 dépit
1637 1008 86 51 qu’i
1758 1018 54 30 ne
1847 1007 124 41 veloit

620 1082 75 41 pas
715 1074 144 40 eutrer
879 1073 108 41 dans
1006 1074 40 41 le
1066 1074 123 50 logis,
1213 1084 47 30 ce
1281 1074 68 40 chi
1371 1074 147 50 obligit
1538 1083 78 32 son
1638 1073 101 52 père
1760 1072 51 42 de
1840 1072 135 41 saillir

619 1137 190 50 d’ouére,
832 1139 43 40 et
894 1139 39 40 le
954 1138 160 42 conviit
1134 1139 186 40 d’entrer
1341 1148 211 40 avecques
1571 1138 44 39 li.

671 1201 66 40 29.
770 1202 103 40 Mais
895 1202 29 39 il
944 1202 204 51 repounit
1169 1202 22 39 à
1212 1212 79 31 son
1313 1201 123 52 père:
1461 1203 30 39 O
1513 1202 88 40 Fiat
1621 1201 35 41 si
1676 1202 180 40 lontems
1893 1210 83 40 que

616 1265 43 51 je
676 1275 110 30 vous
806 1275 93 31 sers
920 1275 101 31 sans
1042 1276 109 30 vous
1170 1265 145 41 avoire
1344 1264 154 52 jamais
1531 1263 216 50 désobéit,
1782 1274 108 30 vous
1922 1272 55 32 ne

621 1330 159 40 m’avez
799 1329 43 51 ja
861 1329 128 42 baillé
1010 1331 320 40 tantencement
1349 1330 44 40 in
1415 1331 180 39 chevras
1615 1339 75 41 pre
1721 1339 68 31 me
1821 1327 158 52 réjouit

622 1394 185 50 avéques
827 1394 107 41 meis
955 1395 263 40 camarades.

673 1458 66 41 30.
769 1459 50 40 Et
838 1459 210 51 lorsqu’in
1082 1458 103 42 feuil
1221 1468 153 32 coume
1399 1459 103 40 chos
1535 1457 94 50 chi,
1665 1457 66 41 chi
1764 1467 23 29 a
1818 1456 162 50 mangit

621 1524 95 40 tout
736 1533 79 31 son
836 1523 114 41 benn
970 1534 103 30 avec
1092 1523 77 41 dos
1187 1523 185 41 vilaines
1392 1523 209 40 criatures
1622 1523 64 40 est
1703 1521 167 50 vingut,
1906 1529 73 34 vez

623 1597 102 33 avez
745 1587 75 41 fait
838 1590 97 39 tuer
955 1599 75 41 pre
1050 1588 30 40 li
1098 1589 41 40 le
1159 1588 158 41 beudet
1337 1597 111 41 gras.

677 1654 64 39 31.
775 1654 85 40 Son
889 1652 294 52 perelidicit:
1219 1653 96 40 Mon
1350 1652 131 50 feuil,
1516 1662 75 41 pre
1629 1652 58 40 toi
1725 1651 78 40 t’as
1840 1648 138 53 trejou

624 1716 208 43 demeuré
853 1717 77 42 avé
951 1718 86 40 moi
1058 1721 41 38 et
1119 1718 13 39 i
1155 1717 83 40 n’ai
1258 1727 110 31 renn
1389 1717 67 40 chi
1478 1727 54 30 ne
1552 1714 331 53 t’appartins-je.

676 1783 65 40 32.
772 1784 113 39 Mees
906 1791 24 31 o
952 1781 133 41 fallait
1104 1781 115 41 benn
1240 1780 106 41 faire
1369 1780 45 40 in
1435 1780 126 40 festin
1592 1782 42 39 et
1654 1789 111 30 nous
1796 1777 181 51 réjouit,

623 1855 214 42 parceque
857 1847 74 39 ton
951 1844 112 42 frère
1091 1844 69 41 chi
1192 1853 74 32 era
1298 1846 112 38 mort
1441 1845 65 40 est
1539 1843 224 50 revingut,
1804 1841 68 40 chi
1907 1849 74 32 era

622 1911 138 52 prédit
776 1912 43 41 et
836 1910 31 41 il
884 1912 65 40 est
967 1907 217 45 retrouvé.

620 2105 222 33 Traduction
859 2104 46 33 de
920 2105 36 31 la
977 2103 175 33 Parabole
1180 2104 46 32 de
1249 2103 154 32 l’Enfant
1432 2102 199 40 Prodigue,
1664 2109 46 24 en
1743 2099 161 42 gavache
1935 2100 46 32 de

765 2158 210 41 Monségur,
993 2157 316 33 arrondissement
1326 2156 45 32 de
1387 2157 35 31 la
1440 2155 122 40 Réole,
1582 2154 162 41 envoyée
1760 2163 65 32 par

858 2212 45 32 M.
928 2212 271 40 VILLEVIELHE,
1221 2210 114 33 maire
1353 2210 45 32 de
1413 2210 208 40 Monségur.
1644 2210 48 39 (M.
1713 2208 42 41 I.)

675 2309 62 39 H.
769 2308 63 39 Un
853 2308 173 39 homme
1045 2306 114 41 avait
1177 2305 81 41 deu
1281 2315 138 42 gouya
1436 2316 10 38 ;

674 2371 64 39 12.
770 2371 91 40 Dou
882 2371 40 40 le
941 2381 55 40 pu
1015 2368 132 52 jeune
1168 2368 123 42 dissit
1309 2368 23 40 à
1352 2378 79 31 son
1454 2377 100 41 pere
1572 2378 7 29 :
1605 2367 96 39 Mon
1714 2376 100 41 pere
1829 2365 150 40 baillez

620 2444 98 30 meu
740 2444 48 30 ce
809 2443 83 41 que
909 2432 42 52 je
981 2432 117 41 dioui
1132 2442 157 40 augere
1318 2431 52 41 de
1402 2433 154 39 voutre
1585 2430 113 40 bien.
1732 2430 50 40 Et
1810 2430 39 40 le
1879 2439 100 40 pere

617 2499 65 40 les
699 2509 25 40 y
743 2497 182 51 partagit
945 2506 79 31 son
1043 2495 115 41 bien.

670 2564 62 38 13.
767 2563 208 49 Quauque
995 2562 72 39 tan
1090 2560 147 51 après,
1274 2560 39 40 le
1352 2570 56 40 pu
1441 2558 132 51 jeune
1611 2558 166 42 amassit
1819 2559 72 38 tou
1932 2566 47 31 ce

615 2625 105 51 qu’il
739 2627 109 47 avet,
872 2635 45 30 se
939 2624 195 51 n’anguit
1161 2623 84 40 dan
1276 2633 59 29 un
1369 2632 103 43 pays
1500 2622 100 41 bien
1633 2623 155 48 louen,
1823 2623 100 38 onte
1955 2632 25 41 y

615 2690 163 50 mangit
798 2699 78 31 son
898 2689 99 40 bien
1020 2698 50 31 en
1096 2687 262 52 deybauche.

666 2755 62 38 14.
762 2753 134 51 Après
929 2753 87 51 qu’i
1048 2752 182 51 l’auguit
1268 2754 75 37 tou
1383 2750 181 52 mangé,
1600 2764 25 39 y
1659 2750 195 51 veinguit
1892 2759 87 31 une

612 2819 162 50 grande
792 2818 161 41 famine
972 2818 108 40 dans
1105 2817 134 51 quiou
1273 2827 102 41 pays
1408 2818 42 40 et
1480 2828 25 40 y
1538 2826 45 31 se
1618 2816 162 40 trouvit
1817 2815 83 41 dan
1937 2815 41 39 la

617 2880 212 52 prauveté.
