2411 3774
1026 490 45 4 —
1109 467 45 39 23
1198 489 36 6 -

503 586 63 39 26.
602 585 32 40 Y
658 584 162 40 houheu
849 584 85 39 don
952 583 159 50 ainque
1129 583 76 40 des
1228 583 144 48 valots,
1400 584 42 39 et
1454 582 29 40 li
1510 582 227 41 demaudeu
1765 593 49 31 ce

452 659 84 42 que
560 650 146 48 ç’oteu.

506 712 66 40 27.
605 713 54 39 Le
678 712 116 39 valot
814 711 30 40 li
877 710 240 51 répondent
1134 722 8 29 :
1179 710 111 42 C'ost
1319 721 85 40 que
1435 714 98 38 vote
1565 710 153 42 frairre
1750 714 67 39 ost

454 773 223 50 révenain,
702 778 39 37 et
762 777 97 38 vote
881 774 140 51 pairre
1044 774 57 40 ait
1124 776 168 49 touoyet
1316 775 41 39 le
1377 773 52 42 vé
1461 784 98 40 gras
1578 806 9 18 ,
1617 777 42 39 et
1689 786 129 31 cause

456 838 73 50 qui
550 839 40 39 le
608 838 108 41 reoit
737 848 52 30 en
812 842 191 47 santaye.

509 911 65 38 28.
608 910 54 41 Ce
681 921 84 39 que
788 911 139 39 l’aiant
951 911 40 39 fa
1020 910 166 48 fauchi,
1222 923 25 39 y
1285 921 54 31 ne
1381 912 221 41 veuleume
1645 915 176 49 entraye

459 972 108 41 dans
587 973 56 39 lai
665 974 160 39 mohon
843 985 8 28 :
873 982 69 31 ma
964 983 46 31 se
1031 972 140 52 pairre
1190 972 117 41 étant
1327 974 137 40 sourti
1486 985 83 40 pou
1591 976 68 40 len
1685 975 81 52 prii
1783 987 10 37 ;

511 1047 65 40 29.
610 1047 31 39 Y
662 1047 28 39 li
712 1047 219 50 repondeu
955 1045 98 43 cecé
1072 1058 8 28 :
1104 1045 117 42 Vêlai
1239 1046 129 51 déjait
1385 1050 91 38 tant
1502 1049 209 51 d’ennaye
1740 1047 84 52 qué

459 1110 41 50 je
521 1120 51 30 ve
590 1121 83 36 ser,
697 1112 41 38 et
756 1110 42 50 je
820 1120 54 31 ne
893 1111 90 40 v’as
1000 1109 138 51 jemas
1159 1110 171 41 désobéi
1353 1121 53 30 en
1429 1111 66 40 rin
1518 1111 52 41 de
1589 1122 48 30 ce
1658 1111 83 51 qué
1772 1111 53 42 vé

464 1173 164 42 m’éveu
666 1174 321 52 coumandaye,
1024 1176 40 39 et
1099 1177 203 48 pourtant
1332 1174 52 42 vé
1420 1186 55 30 ne
1513 1176 166 41 m’eveu
1713 1175 113 52 jéma

464 1237 116 42 beilli
603 1238 70 39 ain
692 1238 202 50 baiquain
919 1248 84 41 pou
1025 1248 68 31 me
1114 1238 176 41 divertir
1312 1239 113 40 aivot
1445 1249 90 30 mes
1550 1240 126 41 aimis
1692 1251 7 28 :

518 1313 64 39 30.
617 1313 90 40 Mas
727 1317 218 38 ausse-tou
967 1324 84 40 que
1071 1316 114 39 votte
1207 1316 98 38 aute
1326 1315 130 49 offan,
1476 1313 97 52 qu'é
1595 1315 133 51 mingi
1749 1325 80 30 sou

467 1375 71 41 bin
562 1376 96 41 aivo
680 1377 74 40 des
774 1377 215 42 foummes
1009 1376 154 53 pédau,
1187 1377 58 41 ait
1266 1376 219 52 révenain,
1509 1378 150 42 v’éveu
1676 1381 154 50 touaye

467 1441 40 39 le
527 1439 52 41 vé
602 1449 114 41 gras.

522 1506 64 38 31.
620 1505 86 39 Pou
730 1505 40 40 le
790 1506 99 39 caut
906 1505 39 40 le
963 1504 141 51 pairre
1127 1504 30 39 li
1191 1505 59 40 ait
1281 1504 76 41 dé:
1389 1507 96 39 Mon
1516 1507 138 49 offan,
1693 1508 134 40 v’oteu

470 1569 150 51 toujou
644 1569 143 40 aivaut
810 1568 79 46 mé,
915 1571 41 38 et
972 1571 93 38 tout
1085 1579 48 30 ce
1149 1580 84 39 que
1250 1569 57 51 j’a
1330 1573 66 37 ost
1413 1571 51 40 de
1484 1573 74 38 vot
1576 1583 9 37 ;

525 1645 64 39 32.
622 1645 62 39 Ma
704 1657 24 39 y
747 1645 130 40 folleu
895 1645 111 39 farre
1024 1643 39 41 lé
1084 1643 82 42 fête
1187 1646 41 39 et
1250 1655 82 30 neu
1355 1645 137 51 rejoii,
1521 1646 180 50 puisque
1733 1647 100 38 vote

468 1707 130 41 fraire
618 1710 97 38 oteu
737 1718 116 39 mou,
876 1711 40 37 et
936 1708 74 39 l’ot
1028 1707 299 52 ressuscitaye,
1350 1709 130 40 l’oteu
1506 1709 143 51 peudu
1669 1711 41 38 et
1743 1709 92 39 l’ait

473 1776 94 38 eteu
592 1773 262 52 rétréuvaye.

473 1960 220 33 Traduction
710 1960 45 32 de
770 1961 35 31 la
818 1960 174 32 Parabole
1010 1959 45 33 de
1071 1960 156 31 l’Enfant
1243 1959 191 40 Prodigue,
1454 1967 46 23 en
1528 1958 121 42 patois
1673 1957 165 42 Lorrain,

738 2012 283 41 communiquée
1036 2021 66 32 par
1118 2011 45 32 M.
1182 2012 34 31 le
1233 2014 121 30 comte
1371 2010 211 34 Grégoire.

532 2117 63 39 11.
627 2116 48 39 In
696 2116 129 39 home
844 2124 79 31 avo
945 2114 116 40 doux
1082 2114 121 40 afans
1220 2126 10 37 ;

531 2179 64 40 12.
628 2180 55 39 Lo
705 2190 80 40 pus
801 2178 130 52 jogne
952 2179 139 40 deheu
1112 2178 23 41 è
1156 2189 47 30 so
1237 2188 102 41 pere
1357 2189 8 28 :
1401 2179 65 39 Mo
1500 2187 102 41 pere
1634 2177 143 40 beïom
1806 2176 38 41 ci

480 2254 84 40 que
585 2254 68 31 me
672 2254 217 31 revenreu
910 2243 53 41 de
983 2245 98 39 vote
1102 2243 88 40 bin.
1213 2244 50 39 Et
1282 2244 41 39 lo
1345 2253 102 41 pere
1467 2243 63 40 les
1550 2254 24 39 y
1596 2241 48 42 fit
1672 2242 42 39 lo
1745 2250 92 42 par-

480 2312 95 47 tege
595 2308 52 41 de
668 2319 47 30 so
733 2308 89 41 bin.

535 2374 64 38 13.
634 2372 174 50 Queque
836 2371 152 51 jonèes
1017 2370 151 51 èprès,
1200 2371 42 40 lo
1276 2381 81 40 pus
1383 2369 131 52 jogne
1544 2369 51 41 de
1628 2378 71 31 ces
1731 2368 116 40 doux

483 2436 135 50 afans,
640 2437 128 50 eyant
785 2434 189 42 remessé
995 2437 130 39 tortot
1144 2445 47 30 ce
1212 2445 83 39 que
1328 2435 109 40 l’avo
1455 2466 9 17 ,
1501 2435 90 40 s’en
1627 2434 113 41 elleu
1774 2433 73 39 bin

483 2501 72 40 ion
578 2501 107 40 dans
706 2501 43 38 in
771 2501 93 49 peïs
888 2502 182 47 etrenge,
1097 2499 85 40 dou
1203 2499 73 49 qui
1306 2499 191 51 dissipeu
1529 2501 112 38 torto
1675 2508 48 30 so
1756 2497 89 48 bin,

485 2576 53 31 en
560 2565 277 41 debacheries
855 2568 39 37 et
916 2574 53 30 en
990 2564 286 50 libertineges.

537 2630 66 40 14.
636 2630 132 50 Eprès
802 2629 113 40 avoit
947 2631 128 38 tortot
1105 2627 215 52 dépensé,
1356 2638 114 32 eune
1501 2627 161 52 grande
1690 2626 160 41 femine

491 2694 162 41 erriveu
678 2693 109 40 dans
806 2693 41 40 lo
867 2692 93 51 peis
981 2692 39 40 lè
1053 2702 23 31 e
1109 2692 14 40 i
1157 2702 280 31 commenceu
1468 2691 21 40 à
1520 2692 132 40 cheur
1681 2690 107 41 dans
1810 2687 41 43 lè

488 2756 224 43 nécessité.

544 2822 112 40 15.1
677 2822 90 40 s’en
791 2821 111 41 alleu
932 2821 111 40 donc
1059 2824 44 38 et
1121 2822 152 39 entreu
1296 2829 24 31 a
1340 2818 165 43 service
1526 2819 85 41 d’in
1633 2818 75 41 des
1730 2816 119 44 hebi-
