2426 3754
1182 542 55 8 —
1263 518 53 42 52
1344 541 53 8 —

660 639 67 40 28.
760 639 113 46 Queu
898 639 42 41 le
963 637 123 43 fachit
1106 637 36 42 si
1171 638 93 41 fore
1300 637 80 51 qu’i
1415 647 54 32 ne
1496 636 138 43 voulit
1666 637 131 52 poing
1831 640 135 40 entre.

614 705 85 40 Son
720 713 102 42 pere
843 703 125 41 sortit
988 713 50 42 pr
1057 703 85 41 l’en
1164 701 106 53 prié.

662 768 66 40 29.
760 769 64 40 Me
843 780 25 39 y
888 768 232 51 reponguït
1136 778 8 29 :
1178 767 32 39 Y
1241 776 22 30 a
1294 768 71 39 tan
1396 766 233 52 d’annayes
1666 776 83 40 que
1784 766 42 51 je
1862 776 110 32 vous

608 842 111 38 sere,
744 840 103 32 sans
866 842 109 30 vous
996 829 188 44 avouére
1201 830 155 52 jamais
1377 829 193 42 désobéit
1589 830 54 53 (le
1664 831 223 51 première
1908 835 64 38 est

609 899 131 49 muet)
762 907 53 31 en
842 896 165 51 queulle
1035 897 160 39 chouse
1216 905 83 40 que
1321 905 47 31 ce
1387 895 76 49 sie,
1486 897 123 48 prtan
1628 905 85 31 vou
1749 906 55 31 ne
1836 895 136 43 m’avé

608 960 156 53 jamais
781 959 128 42 baillé
931 970 58 30 un
1012 960 149 40 crabot
1181 969 50 41 pr
1253 968 67 31 me
1343 958 180 52 deyverti
1549 969 102 30 avec
1672 969 63 30 ms
1756 959 121 40 amis.

664 1026 66 40 30.
762 1023 63 42 Mé
844 1024 265 41 voutr’autre
1127 1033 162 42 gouya,
1325 1024 97 49 qu’a
1455 1023 154 51 mangé
1642 1025 92 39 tout
1765 1034 79 30 son
1873 1023 98 41 bien

615 1099 164 42 aveque
800 1089 79 52 dey
898 1088 180 41 femmes
1099 1088 315 52 deybauchaye,
1438 1088 95 51 n’ey
1554 1097 75 42 pas
1648 1099 56 40 pu
1732 1088 70 41 leu
1834 1087 140 42 arrivé

614 1164 85 42 que
715 1163 110 31 vous
845 1151 77 42 avé
943 1152 58 41 fet
1020 1150 72 43 tué
1112 1153 40 40 le
1171 1150 107 43 vedé
1299 1160 98 41 gras
1417 1161 48 40 pr
1481 1151 55 52 ly.

667 1219 65 38 31.
765 1217 95 41 Mon
880 1225 154 43 gouya,
1056 1216 41 51 ly
1117 1214 123 42 dissit
1257 1225 79 30 son
1360 1225 113 40 pere,
1495 1224 85 31 vou
1602 1213 46 42 sé
1680 1213 196 53 toujours
1897 1214 77 42 avé

615 1280 129 43 moué
765 1282 41 40 et
825 1282 74 39 tou
922 1290 47 31 ce
990 1290 83 40 que
1092 1279 83 52 j’ay
1193 1289 51 41 ey
1266 1278 22 41 à
1308 1289 124 30 vous.

668 1346 65 39 32.
764 1345 64 41 Me
847 1345 102 41 falet
968 1344 106 41 faire
1091 1344 110 41 fsten
1222 1345 42 39 et
1285 1353 111 31 nous
1416 1343 174 52 deyvrti,
1617 1353 125 41 parce
1763 1354 84 40 que
1870 1354 98 30 vou-

614 1411 66 39 tre
700 1409 91 52 fray
812 1410 112 50 eytet
945 1418 119 31 more
1085 1409 41 40 et
1144 1419 26 41 y
1191 1407 81 51 l’ey
1289 1406 245 45 ressuscité,
1556 1419 25 39 y
1596 1407 143 52 l’eytet
1769 1408 133 50 predu
1935 1408 41 40 et

615 1485 27 42 y
657 1475 82 51 l’ey
758 1472 216 43 retrouvé.

616 1658 222 33 Traduction
855 1658 46 32 de
918 1658 35 32 la
969 1658 176 32 Parabole
1161 1658 45 31 de
1222 1657 154 32 l’Enfant
1392 1657 192 41 Prodigue,
1604 1666 46 23 en
1682 1657 160 40 gavache
1871 1658 46 32 de
1941 1659 36 31 la

660 1711 317 34 Motte-Landeron
999 1735 8 16 ,
1048 1710 316 33 arrondissement
1405 1710 45 32 de
1480 1711 36 31 la
1547 1710 133 40 Réole,
1715 1711 163 41 envoyée
1912 1719 66 33 par

657 1763 46 33 M.
721 1762 237 34 Martineau
977 1770 74 25 des
1067 1763 195 41 Barthes,
1279 1762 115 32 maire
1411 1763 45 32 de
1471 1763 36 31 la
1520 1762 328 33 Motte-Landeron.
1864 1763 55 42 (m.
1934 1764 43 41 i.)

671 1862 66 40 11.
768 1860 63 40 Un
852 1861 129 40 home
1003 1860 112 41 avait
1133 1860 82 41 deu
1238 1860 215 51 ménages.

670 1924 65 40 12.
767 1924 56 41 Le
843 1934 57 40 pu
916 1922 132 52 jeune
1074 1923 163 41 d’entre
1273 1923 89 41 s'eu
1396 1923 100 41 dicit
1531 1923 23 40 à
1590 1933 79 32 son
1704 1923 130 52 père:
1877 1925 98 40 Mon

615 1987 118 54 père,
757 1985 166 43 dounés
945 1985 68 42 mé
1032 1996 77 31 san
1130 1997 84 41 que
1234 1987 101 41 deut
1357 1997 66 31 me
1443 1988 148 41 reveni
1611 1987 53 41 de
1685 1990 154 39 voutre
1859 1988 113 48 bien,

616 2054 43 41 et
677 2053 41 41 le
738 2051 103 52 père
860 2051 41 41 le
922 2051 61 52 s’y
1001 2051 182 51 partagit
1203 2062 78 30 son
1304 2051 113 41 bien.

669 2117 65 39 13.
766 2114 108 42 Petit
894 2114 52 42 de
960 2114 126 52 joure
1120 2114 150 52 après,
1304 2115 41 40 le
1380 2126 56 40 pu
1463 2113 132 53 jeune
1625 2114 205 52 ménage,
1867 2124 109 44 ayan

613 2179 182 54 amayné
817 2181 92 39 tout
929 2189 110 31 soun
1062 2178 201 50 avouére,
1284 2178 191 53 partissit
1495 2179 148 51 pr’allé
1674 2180 83 40 dan
1791 2190 59 30 un
1881 2176 95 56 payi

614 2246 85 41 fort
719 2243 188 52 allugné,
938 2245 102 40 onte
1074 2243 13 41 i
1118 2243 156 52 decipit
1305 2253 79 32 son
1420 2243 98 42 bien
1558 2254 53 31 en
1649 2243 128 43 vivan
1815 2244 84 41 dan
1935 2244 40 40 la

614 2309 235 42 débauche.

666 2372 67 42 14.
766 2373 121 45 Quan
908 2371 31 41 il
960 2371 117 52 aguit
1101 2372 93 41 tout
1223 2368 204 54 fricassé,
1465 2383 25 41 y
1530 2370 149 42 arrivit
1717 2382 85 31 une
1840 2372 136 51 grand

615 2435 161 43 famine
807 2435 85 41 dan
922 2436 128 41 ichou
1082 2435 96 53 payi
1208 2438 41 39 et
1280 2435 40 40 la
1353 2436 99 50 fagn
1486 2445 54 32 ne
1578 2435 122 42 tarsit
1739 2445 75 42 pas
1850 2436 52 41 de
1937 2437 40 41 le

616 2499 228 53 oprinque.

665 2565 67 40 15.
763 2565 17 39 I
800 2563 215 51 s’allugnit
1039 2563 100 50 don,
1164 2564 41 40 et
1223 2572 46 33 se
1289 2563 105 51 logit
1414 2562 108 41 dans
1543 2573 59 31 un
1623 2563 129 41 home
1772 2563 84 41 dou
1879 2564 95 52 payi

613 2637 87 42 que
718 2627 206 52 l’envoyit
944 2626 22 40 à
985 2636 79 31 son
1087 2636 154 43 mayne
1258 2637 76 40 per
1354 2625 130 53 gardé
1501 2627 63 40 les
1585 2637 140 40 porcs.

665 2693 67 40 16.
764 2693 16 39 I
813 2691 206 52 peliquait
1056 2691 171 51 d’empli
1261 2701 77 31 son
1368 2693 152 40 ventre
1554 2690 51 42 dé
1638 2702 157 40 gousse
1824 2696 95 48 que*
1935 2692 39 41 lé

611 2767 130 44 porcs
761 2757 219 52 mangian,
1003 2757 85 40 mai
1106 2757 160 51 digugn
1288 2768 114 40 guan
1423 2757 193 41 dounait.

662 2823 66 40 17.
766 2821 125 42 Enfin
911 2821 95 49 étan
1021 2822 200 51 revingut
1241 2832 50 31 en
1311 2821 210 53 ly-même,
1564 2821 13 41 i
1613 2822 124 42 dicit:
1770 2822 202 43 Combien

606 2888 105 52 gnat
729 2897 54 31 ou
807 2897 89 41 pas,
920 2887 108 41 dans
1048 2888 39 39 la
1109 2886 166 42 maison
1297 2886 52 42 de
1370 2897 101 30 mon
1494 2887 102 52 père
1616 2887 52 42 de
1705 2887 114 44 valet
1850 2888 119 52 qu’a-
