2474 3717
1021 533 54 6 —
1104 510 52 39 27
1186 532 54 6 —

499 627 62 42 12.
599 629 49 40 Et
667 629 39 42 lo
730 629 41 51 pi
787 628 132 52 jeune
940 629 96 42 dehi
1058 629 41 40 di
1121 639 47 31 so
1202 628 127 52 père:
1362 629 64 40 Mo
1460 627 102 52 père
1591 629 128 41 denet
1753 629 60 41 mé

445 692 58 41 let
523 695 96 48 port
639 693 51 40 de
712 693 50 40 bé
784 704 83 39 que
888 703 68 30 me
976 693 89 41 revi
1089 703 23 31 e
1130 703 47 30 so
1200 692 102 52 père
1321 692 30 40 li
1374 692 125 41 dené.

500 758 63 38 13.
597 756 192 51 Quoique
805 757 44 51 jo
871 757 124 51 espré
1017 759 40 38 lo
1080 757 41 51 pi
1140 756 159 52 djenne
1320 756 39 41 fé
1380 756 187 41 remessé
1608 757 122 40 tortot
1766 766 47 31 ce

447 832 83 39 que
552 831 109 31 avou
684 824 40 37 et
746 821 126 40 n’allé
892 821 53 41 dé
965 822 44 39 in
1033 822 68 50 peï
1123 823 91 39 tant
1234 822 72 39 lan
1327 823 41 38 et
1386 821 86 40 tolu
1498 821 38 39 el
1557 820 179 51 dépassé
1751 822 65 39 set

445 884 175 41 fortune
642 894 51 30 an
715 885 125 40 vican
861 885 53 40 da
932 886 58 39 let
1014 885 201 50 debauge.

498 949 65 39 14.
596 949 49 39 Et
664 947 75 52 pré
759 959 84 39 que
863 949 86 39 l’ou
973 951 131 38 tortot
1125 948 166 51 deparet
1311 947 22 40 é
1345 947 159 40 letrivé
1526 956 113 32 enne
1651 947 163 50 grande

444 1011 160 41 famine
625 1012 53 39 da
700 1012 40 40 lo
763 1013 68 49 peï
852 1013 40 38 la
914 1011 95 41 élet
1026 1010 207 52 quemaré
1254 1013 41 38 et
1315 1010 96 41 setli
1427 1010 42 40 lo
1491 1010 116 40 besa.

497 1076 64 39 15.
600 1075 42 39 E
656 1074 127 41 n'allé
807 1075 80 40 don
910 1077 33 38 et
962 1085 47 31 se
1028 1075 108 40 botti
1155 1085 23 29 e
1197 1074 122 50 gaige
1356 1073 86 40 d’in
1483 1073 143 40 abitan
1658 1074 53 40 do
1745 1075 69 50 peï

442 1142 42 36 et
504 1138 165 41 l’aut-ci
690 1138 201 42 l’etvouié
912 1140 52 39 da
985 1141 64 38 set
1071 1139 189 40 mauhon
1285 1138 51 40 de
1356 1137 253 51 campeigne
1633 1148 53 40 po
1707 1139 104 39 vad-

441 1204 69 48 get
531 1203 61 40 les
613 1203 169 51 pohaie.

495 1268 64 39 16.
592 1267 59 39 El’
674 1268 122 39 étrau
819 1267 197 41 souhatié
1049 1278 46 30 se
1127 1267 121 51 reppi
1282 1268 41 39 lo
1358 1268 114 39 vatte
1501 1266 52 42 dé
1582 1267 115 41 scafe
1728 1279 85 39 que

445 1330 140 51 meigé
606 1331 28 40 li
654 1332 154 50 pohaie
828 1336 41 36 et
890 1333 167 50 pahene
1076 1343 53 30 ne
1149 1332 29 39 li
1198 1333 41 39 at
1259 1332 144 40 donet.

496 1395 62 39 17.
593 1394 86 41 Mas
697 1396 132 39 ratret
850 1397 41 38 et
911 1395 28 39 li
962 1404 187 40 maume,
1183 1394 175 41 édehé:
1395 1393 110 41 Labé
1538 1393 84 51 qué
1652 1395 56 40 lie
1740 1395 73 41 dat

440 1458 58 40 let
518 1459 189 39 mauhon
729 1459 52 40 de
803 1468 69 32 mo
894 1458 102 52 père
1016 1459 196 41 de’vaula
1231 1458 22 40 é
1274 1458 122 51 gaige
1417 1459 129 49 qu’on
1566 1458 53 41 do
1642 1459 100 50 pain
1767 1462 42 38 et

442 1523 70 40 nel
534 1522 224 42 bondance
779 1526 41 38 et
840 1524 55 38 mi
915 1523 43 51 je
979 1524 136 40 moire
1135 1523 52 41 de
1208 1523 117 40 faim.

493 1586 65 40 18.
590 1587 46 39 Je
661 1596 67 31 me
748 1587 123 48 livra,
892 1586 42 52 jé
953 1587 93 40 vira
1066 1587 125 41 devat
1210 1597 69 29 mo
1299 1586 100 51 père
1417 1589 42 38 et
1477 1585 41 52 jé
1539 1586 28 39 li
1586 1586 91 40 dira
1699 1598 7 27 :
1740 1589 65 39 Mo

441 1649 117 51 père,
580 1650 56 52 j’a
660 1652 164 50 peichie
843 1651 117 42 écate
980 1653 41 39 lo
1040 1651 64 41 cie
1122 1654 41 37 et
1183 1653 117 39 ecate
1318 1661 71 30 vo.

491 1716 65 39 19.
590 1717 46 39 Je
655 1726 54 30 ne
731 1717 62 40 seï
817 1716 55 40 mi
894 1717 137 50 degne
1049 1715 115 51 jema
1185 1714 268 42 d’êténamet
1466 1714 98 41 voté
1582 1715 77 52 fes,
1675 1718 133 40 trates

441 1777 69 41 mé
529 1778 105 40 inna
655 1779 105 50 quin
782 1779 123 41 d’veu
928 1779 128 41 vaula
1076 1779 73 50 qui
1171 1780 98 38 sant
1290 1780 99 39 etne
1409 1778 161 50 gaiges.

488 1852 65 39 20.
586 1853 50 41 Et
656 1853 46 40 sé
724 1852 93 42 lévé
838 1853 84 40 don
946 1856 41 38 et
1004 1852 109 41 véné
1133 1854 138 39 trovet
1301 1863 47 30 so
1379 1851 102 52 père
1513 1853 40 39 et
1592 1852 86 40 d’in
1721 1863 82 40 peu

437 1914 70 40 lan
530 1926 47 30 so
600 1915 102 52 père
723 1917 40 39 lo
785 1916 134 41 heché
940 1919 42 38 et
1008 1915 58 42 fet
1088 1915 136 42 lochié
1244 1916 52 40 de
1315 1915 276 51 compassion
1612 1917 42 38 et
1682 1914 124 42 corré

436 1982 41 38 et
496 1981 28 39 li
545 1983 41 38 et
606 1981 46 41 sé
669 1980 103 52 jetlé
794 1984 40 38 et
854 1991 47 30 so
923 1991 94 30 cœu
1040 1983 41 38 et
1101 1981 41 40 lo
1164 1979 122 42 bahé.

487 2044 65 39 21.
586 2046 50 39 Et
656 2056 46 29 so
726 2044 37 41 fé
785 2045 28 39 li
832 2045 40 40 di
891 2056 7 29 :
924 2046 63 39 Mo
1015 2045 102 50 père
1145 2044 56 52 j’a
1243 2042 147 53 pechié
1429 2047 118 39 ecate
1580 2045 40 39 lo
1659 2044 65 41 cie
1763 2047 42 38 et

434 2112 119 39 ecate
572 2121 54 30 vo
653 2113 41 38 et
719 2111 43 50 je
800 2122 54 30 ne
886 2111 60 41 sei
987 2112 56 38 mi
1081 2112 127 50 digne
1247 2113 220 40 mettenan
1503 2111 108 41 d’êté
1651 2112 152 42 hechie

434 2175 73 38 vot
527 2172 54 42 fé.

484 2238 67 40 22.
582 2238 201 42 Aussiteu
806 2240 40 39 lo
869 2239 101 51 père
990 2238 108 42 dehé
1119 2249 22 31 e
1163 2249 46 31 se
1229 2240 128 39 vaula
1382 2250 8 28 :
1415 2241 41 39 et
1489 2240 141 51 portet
1660 2239 140 41 vicma

434 2306 65 38 set
518 2313 197 41 premere
737 2305 132 40 reube
890 2308 42 37 et
950 2307 138 38 vestet
1107 2305 42 39 lo
1171 2307 41 38 et
1246 2306 147 39 mattet
1428 2304 27 39 li
1487 2314 113 31 enne
1634 2304 164 51 baugue

434 2379 25 29 o
481 2369 82 40 dau
586 2372 43 38 et
648 2369 52 40 dé
722 2371 130 39 solles
872 2380 23 30 e
915 2369 46 41 sé
982 2370 82 50 pie.

486 2434 65 38 23.
585 2435 154 41 Emnet
759 2435 116 40 aussi
897 2435 41 40 lo
963 2445 75 42 vey
1059 2445 98 40 gras
1179 2437 40 38 et
1254 2434 59 42 toi
1345 2435 41 39 lo
1405 2446 9 37 ;
1445 2434 164 51 meigea
1639 2437 41 38 et
1712 2434 91 42 fëra

433 2496 173 41 fechtin.

486 2561 65 39 24.
586 2562 53 39 Ca
659 2572 69 30 mo
749 2561 39 42 fé
809 2572 84 40 que
914 2562 114 41 vassi
1049 2562 74 42 eré
1145 2573 67 30 mo
1234 2564 42 39 et
1296 2572 23 30 e
1340 2563 58 39 lat
1416 2561 241 50 ressucitet,
1683 2560 22 42 é
1721 2561 80 42 liré

434 2625 123 51 poedi
580 2628 41 38 et
641 2626 72 40 l’at
730 2628 188 39 retrovet
939 2629 41 37 et
999 2627 83 40 elet
1107 2636 252 40 quemasson
1387 2628 40 39 et
1447 2626 89 40 fare
1556 2626 174 41 fechtin.

485 2691 65 39 25.
583 2692 155 39 Porlan
760 2701 48 30 so
832 2691 158 51 premei
1016 2690 38 41 fé
1074 2692 120 49 qu’er
1228 2695 41 37 et
1301 2701 83 30 vau
1416 2692 39 40 le
1488 2691 137 49 chan,
1660 2693 67 38 cat
1759 2692 41 40 el

431 2753 159 42 révéné
610 2757 41 38 et
671 2755 112 49 qu’el
805 2753 231 53 epprochié
1054 2755 58 39 let
1134 2755 188 39 mauhon
1346 2756 41 39 et
1417 2753 68 41 loé
1511 2754 57 40 let
1602 2753 123 41 misic
1757 2758 45 38 et

432 2819 40 39 lo
494 2818 65 40 bri
581 2817 52 41 dé
653 2818 56 40 let
727 2818 149 41 danze.

483 2882 66 39 26.
582 2882 49 39 El
651 2880 134 42 heché
806 2882 42 39 in
872 2881 51 41 de
943 2882 126 40 vaula
1092 2884 42 38 et
1151 2881 29 40 li
1199 2880 210 43 demandé
1430 2891 77 31 sou
1531 2891 83 41 que
1635 2882 99 41 sire.
