<?xml version="1.0" encoding="UTF-8" standalone="no"?>
<alto xmlns:xsi="http://www.w3.org/2001/XMLSchema-instance" xmlns="http://www.loc.gov/standards/alto/ns-v4#" xsi:schemaLocation="http://www.loc.gov/standards/alto/ns-v4# http://www.loc.gov/standards/alto/v4/alto-4-3.xsd">>
<Description>
<MeasurementUnit>pixel</MeasurementUnit>
<sourceImageInformation>
<fileName>bd6t5334045p_020.jpg</fileName>
<fileIdentifier>ark:/12148/bd6t5334045p/f20</fileIdentifier>
<documentIdentifier documentIdentifierLocation="NUM">100334045</documentIdentifier>
</sourceImageInformation>
<OCRProcessing ID="OCR_1">
<ocrProcessingStep>
<processingDateTime>2022-08-11</processingDateTime>
<processingStepDescription>[001_OCR_BRUT]OCR BRUT 88.8 %</processingStepDescription>
<processingStepDescription>[002_CHARS]{1463}</processingStepDescription>
<processingStepDescription>[007_STRINGS]{338}</processingStepDescription>
<processingSoftware>
<softwareCreator>ABBYY</softwareCreator>
<softwareName>ABBYY FineReader Engine</softwareName>
<softwareVersion>12</softwareVersion>
</processingSoftware>
</ocrProcessingStep>
</OCRProcessing>
</Description>
<Styles>
<TextStyle FONTFAMILY="Default Metrics Font" FONTSIZE="9" ID="TXT_1"/>
</Styles>
<Layout>
<Page ACCURACY="88.8" HEIGHT="3810" ID="PAG_00000020" PHYSICAL_IMG_NR="20" QUALITY="OK" WIDTH="2418">
<TopMargin HEIGHT="484" HPOS="0" ID="PAG_00000020_TopMargin" VPOS="0" WIDTH="2418">
</TopMargin>
<LeftMargin HEIGHT="2429" HPOS="0" ID="PAG_00000020_LeftMargin" VPOS="484" WIDTH="619">
</LeftMargin>
<RightMargin HEIGHT="2429" HPOS="2012" ID="PAG_00000020_RightMargin" VPOS="484" WIDTH="406">
</RightMargin>
<BottomMargin HEIGHT="897" HPOS="0" ID="PAG_00000020_BottomMargin" VPOS="2913" WIDTH="2418">
</BottomMargin>
<PrintSpace HEIGHT="2429" HPOS="619" ID="PAG_00000020_PrintSpace" VPOS="484" WIDTH="1393">
<TextBlock HEIGHT="57" HPOS="1187" ID="PAG_00000020_TB000001" STYLEREFS="TXT_1" VPOS="488" WIDTH="229" language="fr">
<TextLine HEIGHT="41" HPOS="1196" ID="PAG_00000020_TL000001" VPOS="496" WIDTH="211">
<String CONTENT="—" HEIGHT="5" HPOS="1196" ID="PAG_00000020_ST000001" VPOS="519" WC="1" WIDTH="52"/>
<SP HPOS="1249" ID="PAG_00000020_SP000001" VPOS="496" WIDTH="31"/>
<String CONTENT="10" HEIGHT="41" HPOS="1281" ID="PAG_00000020_ST000002" VPOS="496" WC="1" WIDTH="46"/>
<SP HPOS="1328" ID="PAG_00000020_SP000002" VPOS="496" WIDTH="32"/>
<String CONTENT="-" HEIGHT="7" HPOS="1361" ID="PAG_00000020_ST000003" VPOS="517" WC="0.23000000417232513" WIDTH="46"/>
</TextLine>
</TextBlock>
<TextBlock HEIGHT="2310" HPOS="619" ID="PAG_00000020_TB000002" STYLEREFS="TXT_1" VPOS="603" WIDTH="1390" language="fr">
<TextLine HEIGHT="51" HPOS="682" ID="PAG_00000020_TL000002" VPOS="611" WIDTH="1296">
<String CONTENT="15." HEIGHT="39" HPOS="682" ID="PAG_00000020_ST000004" VPOS="612" WC="0.59333330392837524" WIDTH="62"/>
<SP HPOS="745" ID="PAG_00000020_SP000003" VPOS="612" WIDTH="31"/>
<String CONTENT="Et" HEIGHT="39" HPOS="777" ID="PAG_00000020_ST000005" VPOS="612" WC="0.69499999284744263" WIDTH="48"/>
<SP HPOS="826" ID="PAG_00000020_SP000004" VPOS="612" WIDTH="17"/>
<String CONTENT="il" HEIGHT="39" HPOS="844" ID="PAG_00000020_ST000006" VPOS="612" WC="0.64999997615814209" WIDTH="29"/>
<SP HPOS="874" ID="PAG_00000020_SP000005" VPOS="612" WIDTH="19"/>
<String CONTENT="est" HEIGHT="39" HPOS="894" ID="PAG_00000020_ST000007" VPOS="613" WC="0.51666665077209473" WIDTH="64"/>
<SP HPOS="959" ID="PAG_00000020_SP000006" VPOS="613" WIDTH="17"/>
<String CONTENT="stevooïe," HEIGHT="49" HPOS="977" ID="PAG_00000020_ST000008" VPOS="613" WC="1" WIDTH="201"/>
<SP HPOS="1179" ID="PAG_00000020_SP000007" VPOS="622" WIDTH="21"/>
<String CONTENT="et" HEIGHT="40" HPOS="1201" ID="PAG_00000020_ST000009" VPOS="615" WC="0.34999999403953552" WIDTH="45"/>
<SP HPOS="1247" ID="PAG_00000020_SP000008" VPOS="613" WIDTH="17"/>
<String CONTENT="il" HEIGHT="40" HPOS="1265" ID="PAG_00000020_ST000010" VPOS="613" WC="0.86500000953674316" WIDTH="29"/>
<SP HPOS="1295" ID="PAG_00000020_SP000009" VPOS="613" WIDTH="20"/>
<String CONTENT="est" HEIGHT="38" HPOS="1316" ID="PAG_00000020_ST000011" VPOS="615" WC="0.38666665554046631" WIDTH="65"/>
<SP HPOS="1382" ID="PAG_00000020_SP000010" VPOS="615" WIDTH="18"/>
<String CONTENT="s’taintré" HEIGHT="42" HPOS="1401" ID="PAG_00000020_ST000012" VPOS="611" WC="1" WIDTH="183"/>
<SP HPOS="1585" ID="PAG_00000020_SP000011" VPOS="611" WIDTH="21"/>
<String CONTENT="au" HEIGHT="30" HPOS="1607" ID="PAG_00000020_ST000013" VPOS="622" WC="0.25999999046325684" WIDTH="54"/>
<SP HPOS="1662" ID="PAG_00000020_SP000012" VPOS="623" WIDTH="25"/>
<String CONTENT="service" HEIGHT="41" HPOS="1688" ID="PAG_00000020_ST000014" VPOS="612" WC="0.3514285683631897" WIDTH="165"/>
<SP HPOS="1854" ID="PAG_00000020_SP000013" VPOS="614" WIDTH="34"/>
<String CONTENT="d’on" HEIGHT="40" HPOS="1889" ID="PAG_00000020_ST000015" VPOS="614" WC="1" WIDTH="89"/>
</TextLine>
<TextLine HEIGHT="54" HPOS="628" ID="PAG_00000020_TL000003" VPOS="675" WIDTH="1350">
<String CONTENT="homme" HEIGHT="41" HPOS="628" ID="PAG_00000020_ST000016" VPOS="675" WC="0.70200002193450928" WIDTH="171"/>
<SP HPOS="800" ID="PAG_00000020_SP000014" VPOS="676" WIDTH="19"/>
<String CONTENT="di" HEIGHT="40" HPOS="820" ID="PAG_00000020_ST000017" VPOS="676" WC="0.77499997615814209" WIDTH="41"/>
<SP HPOS="862" ID="PAG_00000020_SP000015" VPOS="677" WIDTH="18"/>
<String CONTENT="c’païs-là" HEIGHT="51" HPOS="881" ID="PAG_00000020_ST000018" VPOS="676" WC="0.74222224950790405" WIDTH="194"/>
<SP HPOS="1076" ID="PAG_00000020_SP000016" VPOS="676" WIDTH="20"/>
<String CONTENT="et" HEIGHT="39" HPOS="1097" ID="PAG_00000020_ST000019" VPOS="679" WC="0.89499998092651367" WIDTH="43"/>
<SP HPOS="1141" ID="PAG_00000020_SP000017" VPOS="677" WIDTH="16"/>
<String CONTENT="i" HEIGHT="40" HPOS="1158" ID="PAG_00000020_ST000020" VPOS="677" WC="1" WIDTH="14"/>
<SP HPOS="1173" ID="PAG_00000020_SP000018" VPOS="677" WIDTH="17"/>
<String CONTENT="l’a" HEIGHT="39" HPOS="1191" ID="PAG_00000020_ST000021" VPOS="678" WC="0.92000001668930054" WIDTH="54"/>
<SP HPOS="1246" ID="PAG_00000020_SP000019" VPOS="686" WIDTH="19"/>
<String CONTENT="evoïhi" HEIGHT="40" HPOS="1266" ID="PAG_00000020_ST000022" VPOS="678" WC="0.86666667461395264" WIDTH="141"/>
<SP HPOS="1408" ID="PAG_00000020_SP000020" VPOS="677" WIDTH="19"/>
<String CONTENT="à" HEIGHT="39" HPOS="1428" ID="PAG_00000020_ST000023" VPOS="677" WC="0.67000001668930054" WIDTH="23"/>
<SP HPOS="1452" ID="PAG_00000020_SP000021" VPOS="677" WIDTH="18"/>
<String CONTENT="s'zinse" HEIGHT="41" HPOS="1471" ID="PAG_00000020_ST000024" VPOS="677" WC="1" WIDTH="149"/>
<SP HPOS="1621" ID="PAG_00000020_SP000022" VPOS="687" WIDTH="25"/>
<String CONTENT="por" HEIGHT="40" HPOS="1647" ID="PAG_00000020_ST000025" VPOS="688" WC="0.74666666984558105" WIDTH="76"/>
<SP HPOS="1724" ID="PAG_00000020_SP000023" VPOS="687" WIDTH="26"/>
<String CONTENT="y" HEIGHT="42" HPOS="1751" ID="PAG_00000020_ST000026" VPOS="687" WC="0.28999999165534973" WIDTH="26"/>
<SP HPOS="1778" ID="PAG_00000020_SP000024" VPOS="687" WIDTH="32"/>
<String CONTENT="waurdé" HEIGHT="42" HPOS="1811" ID="PAG_00000020_ST000027" VPOS="678" WC="1" WIDTH="167"/>
</TextLine>
<TextLine HEIGHT="50" HPOS="630" ID="PAG_00000020_TL000004" VPOS="740" WIDTH="291">
<String CONTENT="lès" HEIGHT="40" HPOS="630" ID="PAG_00000020_ST000028" VPOS="740" WC="0.8033333420753479" WIDTH="61"/>
<SP HPOS="692" ID="PAG_00000020_SP000025" VPOS="751" WIDTH="19"/>
<String CONTENT="pourcias." HEIGHT="49" HPOS="712" ID="PAG_00000020_ST000029" VPOS="741" WC="1" WIDTH="209"/>
</TextLine>
<TextLine HEIGHT="53" HPOS="680" ID="PAG_00000020_TL000005" VPOS="803" WIDTH="1298">
<String CONTENT="16." HEIGHT="40" HPOS="680" ID="PAG_00000020_ST000030" VPOS="803" WC="0.57333332300186157" WIDTH="66"/>
<SP HPOS="747" ID="PAG_00000020_SP000026" VPOS="805" WIDTH="31"/>
<String CONTENT="Et" HEIGHT="40" HPOS="779" ID="PAG_00000020_ST000031" VPOS="805" WC="0.91500002145767212" WIDTH="48"/>
<SP HPOS="828" ID="PAG_00000020_SP000027" VPOS="804" WIDTH="17"/>
<String CONTENT="il" HEIGHT="39" HPOS="846" ID="PAG_00000020_ST000032" VPOS="804" WC="1" WIDTH="29"/>
<SP HPOS="876" ID="PAG_00000020_SP000028" VPOS="805" WIDTH="19"/>
<String CONTENT="aureuve" HEIGHT="30" HPOS="896" ID="PAG_00000020_ST000033" VPOS="815" WC="0.62142854928970337" WIDTH="189"/>
<SP HPOS="1086" ID="PAG_00000020_SP000029" VPOS="805" WIDTH="17"/>
<String CONTENT="bain" HEIGHT="40" HPOS="1104" ID="PAG_00000020_ST000034" VPOS="805" WC="0.64749997854232788" WIDTH="100"/>
<SP HPOS="1205" ID="PAG_00000020_SP000030" VPOS="816" WIDTH="16"/>
<String CONTENT="volù" HEIGHT="40" HPOS="1222" ID="PAG_00000020_ST000035" VPOS="805" WC="0.9024999737739563" WIDTH="102"/>
<SP HPOS="1325" ID="PAG_00000020_SP000031" VPOS="805" WIDTH="18"/>
<String CONTENT="s’raimpli" HEIGHT="51" HPOS="1344" ID="PAG_00000020_ST000036" VPOS="805" WC="0.84888887405395508" WIDTH="206"/>
<SP HPOS="1551" ID="PAG_00000020_SP000032" VPOS="805" WIDTH="18"/>
<String CONTENT="fvinte" HEIGHT="42" HPOS="1570" ID="PAG_00000020_ST000037" VPOS="805" WC="0.8399999737739563" WIDTH="147"/>
<SP HPOS="1718" ID="PAG_00000020_SP000033" VPOS="806" WIDTH="29"/>
<String CONTENT="des" HEIGHT="40" HPOS="1748" ID="PAG_00000020_ST000038" VPOS="806" WC="0.68999999761581421" WIDTH="74"/>
<SP HPOS="1823" ID="PAG_00000020_SP000034" VPOS="805" WIDTH="32"/>
<String CONTENT="favet-" HEIGHT="42" HPOS="1856" ID="PAG_00000020_ST000039" VPOS="805" WC="1" WIDTH="122"/>
</TextLine>
<TextLine HEIGHT="52" HPOS="631" ID="PAG_00000020_TL000006" VPOS="868" WIDTH="1356">
<String CONTENT="tes" HEIGHT="39" HPOS="631" ID="PAG_00000020_ST000040" VPOS="870" WC="0.79000002145767212" WIDTH="63"/>
<SP HPOS="695" ID="PAG_00000020_SP000035" VPOS="878" WIDTH="19"/>
<String CONTENT="qui" HEIGHT="50" HPOS="715" ID="PAG_00000020_ST000041" VPOS="868" WC="0.4699999988079071" WIDTH="73"/>
<SP HPOS="789" ID="PAG_00000020_SP000036" VPOS="868" WIDTH="19"/>
<String CONTENT="les" HEIGHT="40" HPOS="809" ID="PAG_00000020_ST000042" VPOS="869" WC="0.36333334445953369" WIDTH="62"/>
<SP HPOS="872" ID="PAG_00000020_SP000037" VPOS="879" WIDTH="16"/>
<String CONTENT="pourcias" HEIGHT="51" HPOS="889" ID="PAG_00000020_ST000043" VPOS="869" WC="0.52499997615814209" WIDTH="200"/>
<SP HPOS="1090" ID="PAG_00000020_SP000038" VPOS="880" WIDTH="36"/>
<String CONTENT="mougnainnes" HEIGHT="51" HPOS="1127" ID="PAG_00000020_ST000044" VPOS="869" WC="1" WIDTH="305"/>
<SP HPOS="1433" ID="PAG_00000020_SP000039" VPOS="880" WIDTH="36"/>
<String CONTENT="et" HEIGHT="37" HPOS="1470" ID="PAG_00000020_ST000045" VPOS="873" WC="0.63999998569488525" WIDTH="40"/>
<SP HPOS="1511" ID="PAG_00000020_SP000040" VPOS="873" WIDTH="27"/>
<String CONTENT="persoonne" HEIGHT="43" HPOS="1539" ID="PAG_00000020_ST000046" VPOS="877" WC="0.47999998927116394" WIDTH="244"/>
<SP HPOS="1784" ID="PAG_00000020_SP000041" VPOS="877" WIDTH="19"/>
<String CONTENT="ni" HEIGHT="37" HPOS="1804" ID="PAG_00000020_ST000047" VPOS="871" WC="0.62999999523162842" WIDTH="43"/>
<SP HPOS="1848" ID="PAG_00000020_SP000042" VPOS="871" WIDTH="29"/>
<String CONTENT="li" HEIGHT="39" HPOS="1878" ID="PAG_00000020_ST000048" VPOS="870" WC="1" WIDTH="29"/>
<SP HPOS="1908" ID="PAG_00000020_SP000043" VPOS="870" WIDTH="31"/>
<String CONTENT="es" HEIGHT="31" HPOS="1940" ID="PAG_00000020_ST000049" VPOS="880" WC="0.81000000238418579" WIDTH="47"/>
</TextLine>
<TextLine HEIGHT="41" HPOS="632" ID="PAG_00000020_TL000007" VPOS="932" WIDTH="191">
<String CONTENT="d'neuve." HEIGHT="41" HPOS="632" ID="PAG_00000020_ST000050" VPOS="932" WC="1" WIDTH="191"/>
</TextLine>
<TextLine HEIGHT="51" HPOS="683" ID="PAG_00000020_TL000008" VPOS="994" WIDTH="1299">
<String CONTENT="17." HEIGHT="40" HPOS="683" ID="PAG_00000020_ST000051" VPOS="995" WC="0.72333335876464844" WIDTH="64"/>
<SP HPOS="748" ID="PAG_00000020_SP000044" VPOS="996" WIDTH="31"/>
<String CONTENT="Mais" HEIGHT="40" HPOS="780" ID="PAG_00000020_ST000052" VPOS="995" WC="0.47749999165534973" WIDTH="102"/>
<SP HPOS="883" ID="PAG_00000020_SP000045" VPOS="1006" WIDTH="31"/>
<String CONTENT="raintré" HEIGHT="43" HPOS="915" ID="PAG_00000020_ST000053" VPOS="994" WC="0.58428573608398438" WIDTH="162"/>
<SP HPOS="1078" ID="PAG_00000020_SP000046" VPOS="994" WIDTH="27"/>
<String CONTENT="dains" HEIGHT="40" HPOS="1106" ID="PAG_00000020_ST000054" VPOS="996" WC="0.56599998474121094" WIDTH="123"/>
<SP HPOS="1230" ID="PAG_00000020_SP000047" VPOS="997" WIDTH="35"/>
<String CONTENT="li" HEIGHT="38" HPOS="1266" ID="PAG_00000020_ST000055" VPOS="997" WC="0.7850000262260437" WIDTH="28"/>
<SP HPOS="1295" ID="PAG_00000020_SP000048" VPOS="997" WIDTH="38"/>
<String CONTENT="maimme," HEIGHT="49" HPOS="1334" ID="PAG_00000020_ST000056" VPOS="996" WC="0.70999997854232788" WIDTH="225"/>
<SP HPOS="1560" ID="PAG_00000020_SP000049" VPOS="996" WIDTH="38"/>
<String CONTENT="i" HEIGHT="39" HPOS="1599" ID="PAG_00000020_ST000057" VPOS="996" WC="1" WIDTH="14"/>
<SP HPOS="1614" ID="PAG_00000020_SP000050" VPOS="996" WIDTH="36"/>
<String CONTENT="dit:" HEIGHT="40" HPOS="1651" ID="PAG_00000020_ST000058" VPOS="996" WC="0.87250000238418579" WIDTH="91"/>
<SP HPOS="1743" ID="PAG_00000020_SP000051" VPOS="997" WIDTH="45"/>
<String CONTENT="Combain" HEIGHT="40" HPOS="1789" ID="PAG_00000020_ST000059" VPOS="996" WC="1" WIDTH="193"/>
</TextLine>
<TextLine HEIGHT="53" HPOS="628" ID="PAG_00000020_TL000009" VPOS="1059" WIDTH="1357">
<String CONTENT="d’vaurlets" HEIGHT="41" HPOS="628" ID="PAG_00000020_ST000060" VPOS="1060" WC="0.71700000762939453" WIDTH="236"/>
<SP HPOS="865" ID="PAG_00000020_SP000052" VPOS="1060" WIDTH="17"/>
<String CONTENT="dains" HEIGHT="40" HPOS="883" ID="PAG_00000020_ST000061" VPOS="1060" WC="0.80000001192092896" WIDTH="123"/>
<SP HPOS="1007" ID="PAG_00000020_SP000053" VPOS="1061" WIDTH="31"/>
<String CONTENT="l'maugeonne" HEIGHT="50" HPOS="1039" ID="PAG_00000020_ST000062" VPOS="1061" WC="1" WIDTH="292"/>
<SP HPOS="1332" ID="PAG_00000020_SP000054" VPOS="1061" WIDTH="35"/>
<String CONTENT="di" HEIGHT="41" HPOS="1368" ID="PAG_00000020_ST000063" VPOS="1061" WC="1" WIDTH="42"/>
<SP HPOS="1411" ID="PAG_00000020_SP000055" VPOS="1061" WIDTH="27"/>
<String CONTENT="m’pére" HEIGHT="52" HPOS="1439" ID="PAG_00000020_ST000064" VPOS="1059" WC="0.69833332300186157" WIDTH="161"/>
<SP HPOS="1601" ID="PAG_00000020_SP000056" VPOS="1070" WIDTH="30"/>
<String CONTENT="ont" HEIGHT="38" HPOS="1632" ID="PAG_00000020_ST000065" VPOS="1063" WC="0.80666667222976685" WIDTH="76"/>
<SP HPOS="1709" ID="PAG_00000020_SP000057" VPOS="1061" WIDTH="28"/>
<String CONTENT="do" HEIGHT="40" HPOS="1738" ID="PAG_00000020_ST000066" VPOS="1061" WC="0.56999999284744263" WIDTH="53"/>
<SP HPOS="1792" ID="PAG_00000020_SP000058" VPOS="1070" WIDTH="37"/>
<String CONTENT="pouain" HEIGHT="50" HPOS="1830" ID="PAG_00000020_ST000067" VPOS="1062" WC="0.81000000238418579" WIDTH="155"/>
</TextLine>
<TextLine HEIGHT="52" HPOS="632" ID="PAG_00000020_TL000010" VPOS="1123" WIDTH="1037">
<String CONTENT="tôt" HEIGHT="38" HPOS="632" ID="PAG_00000020_ST000068" VPOS="1126" WC="0.53666669130325317" WIDTH="61"/>
<SP HPOS="694" ID="PAG_00000020_SP000059" VPOS="1124" WIDTH="18"/>
<String CONTENT="leu" HEIGHT="39" HPOS="713" ID="PAG_00000020_ST000069" VPOS="1124" WC="0.63999998569488525" WIDTH="68"/>
<SP HPOS="782" ID="PAG_00000020_SP000060" VPOS="1134" WIDTH="18"/>
<String CONTENT="soo" HEIGHT="31" HPOS="801" ID="PAG_00000020_ST000070" VPOS="1133" WC="0.54000002145767212" WIDTH="75"/>
<SP HPOS="877" ID="PAG_00000020_SP000061" VPOS="1124" WIDTH="19"/>
<String CONTENT="!" HEIGHT="38" HPOS="897" ID="PAG_00000020_ST000071" VPOS="1124" WC="0.30000001192092896" WIDTH="8"/>
<SP HPOS="906" ID="PAG_00000020_SP000062" VPOS="1124" WIDTH="23"/>
<String CONTENT="Et" HEIGHT="39" HPOS="930" ID="PAG_00000020_ST000072" VPOS="1124" WC="0.82499998807907104" WIDTH="49"/>
<SP HPOS="980" ID="PAG_00000020_SP000063" VPOS="1125" WIDTH="19"/>
<String CONTENT="mi" HEIGHT="39" HPOS="1000" ID="PAG_00000020_ST000073" VPOS="1124" WC="1" WIDTH="56"/>
<SP HPOS="1057" ID="PAG_00000020_SP000064" VPOS="1124" WIDTH="19"/>
<String CONTENT="vaici" HEIGHT="40" HPOS="1077" ID="PAG_00000020_ST000074" VPOS="1124" WC="0.74000000953674316" WIDTH="109"/>
<SP HPOS="1187" ID="PAG_00000020_SP000065" VPOS="1124" WIDTH="20"/>
<String CONTENT="dji" HEIGHT="52" HPOS="1208" ID="PAG_00000020_ST000075" VPOS="1123" WC="0.97000002861022949" WIDTH="57"/>
<SP HPOS="1266" ID="PAG_00000020_SP000066" VPOS="1124" WIDTH="19"/>
<String CONTENT="crevo" HEIGHT="31" HPOS="1286" ID="PAG_00000020_ST000076" VPOS="1134" WC="0.71399998664855957" WIDTH="126"/>
<SP HPOS="1413" ID="PAG_00000020_SP000067" VPOS="1124" WIDTH="19"/>
<String CONTENT="di" HEIGHT="40" HPOS="1433" ID="PAG_00000020_ST000077" VPOS="1124" WC="1" WIDTH="41"/>
<SP HPOS="1475" ID="PAG_00000020_SP000068" VPOS="1124" WIDTH="19"/>
<String CONTENT="fouain" HEIGHT="40" HPOS="1495" ID="PAG_00000020_ST000078" VPOS="1124" WC="0.6966666579246521" WIDTH="144"/>
<SP HPOS="1640" ID="PAG_00000020_SP000069" VPOS="1125" WIDTH="18"/>
<String CONTENT="!" HEIGHT="38" HPOS="1659" ID="PAG_00000020_ST000079" VPOS="1125" WC="0.30000001192092896" WIDTH="10"/>
</TextLine>
<TextLine HEIGHT="51" HPOS="686" ID="PAG_00000020_TL000011" VPOS="1186" WIDTH="1303">
<String CONTENT="18." HEIGHT="40" HPOS="686" ID="PAG_00000020_ST000080" VPOS="1187" WC="0.57333332300186157" WIDTH="63"/>
<SP HPOS="750" ID="PAG_00000020_SP000070" VPOS="1187" WIDTH="31"/>
<String CONTENT="Dji" HEIGHT="51" HPOS="782" ID="PAG_00000020_ST000081" VPOS="1186" WC="0.54000002145767212" WIDTH="61"/>
<SP HPOS="844" ID="PAG_00000020_SP000071" VPOS="1186" WIDTH="21"/>
<String CONTENT="quittrois" HEIGHT="50" HPOS="866" ID="PAG_00000020_ST000082" VPOS="1186" WC="0.58888888359069824" WIDTH="201"/>
<SP HPOS="1068" ID="PAG_00000020_SP000072" VPOS="1196" WIDTH="28"/>
<String CONTENT="c'paï-ci," HEIGHT="49" HPOS="1097" ID="PAG_00000020_ST000083" VPOS="1187" WC="1" WIDTH="170"/>
<SP HPOS="1268" ID="PAG_00000020_SP000073" VPOS="1187" WIDTH="26"/>
<String CONTENT="et" HEIGHT="38" HPOS="1295" ID="PAG_00000020_ST000084" VPOS="1189" WC="0.77999997138977051" WIDTH="41"/>
<SP HPOS="1337" ID="PAG_00000020_SP000074" VPOS="1186" WIDTH="17"/>
<String CONTENT="dj’irois" HEIGHT="51" HPOS="1355" ID="PAG_00000020_ST000085" VPOS="1186" WC="0.65625" WIDTH="162"/>
<SP HPOS="1518" ID="PAG_00000020_SP000075" VPOS="1196" WIDTH="18"/>
<String CONTENT="emon" HEIGHT="31" HPOS="1537" ID="PAG_00000020_ST000086" VPOS="1196" WC="0.65499997138977051" WIDTH="128"/>
<SP HPOS="1666" ID="PAG_00000020_SP000076" VPOS="1196" WIDTH="20"/>
<String CONTENT="m’pére" HEIGHT="51" HPOS="1687" ID="PAG_00000020_ST000087" VPOS="1186" WC="0.72500002384185791" WIDTH="159"/>
<SP HPOS="1847" ID="PAG_00000020_SP000077" VPOS="1197" WIDTH="18"/>
<String CONTENT="et" HEIGHT="39" HPOS="1866" ID="PAG_00000020_ST000088" VPOS="1188" WC="0.6600000262260437" WIDTH="43"/>
<SP HPOS="1910" ID="PAG_00000020_SP000078" VPOS="1186" WIDTH="21"/>
<String CONTENT="dji" HEIGHT="51" HPOS="1932" ID="PAG_00000020_ST000089" VPOS="1186" WC="0.71333330869674683" WIDTH="57"/>
</TextLine>
<TextLine HEIGHT="51" HPOS="633" ID="PAG_00000020_TL000012" VPOS="1250" WIDTH="1353">
<String CONTENT="li" HEIGHT="40" HPOS="633" ID="PAG_00000020_ST000090" VPOS="1252" WC="0.70999997854232788" WIDTH="29"/>
<SP HPOS="663" ID="PAG_00000020_SP000079" VPOS="1252" WIDTH="18"/>
<String CONTENT="dirois" HEIGHT="41" HPOS="682" ID="PAG_00000020_ST000091" VPOS="1251" WC="0.76999998092651367" WIDTH="133"/>
<SP HPOS="816" ID="PAG_00000020_SP000080" VPOS="1262" WIDTH="15"/>
<String CONTENT=":" HEIGHT="29" HPOS="832" ID="PAG_00000020_ST000092" VPOS="1262" WC="0.4699999988079071" WIDTH="7"/>
<SP HPOS="840" ID="PAG_00000020_SP000081" VPOS="1252" WIDTH="23"/>
<String CONTENT="Père," HEIGHT="50" HPOS="864" ID="PAG_00000020_ST000093" VPOS="1250" WC="0.58600002527236938" WIDTH="118"/>
<SP HPOS="983" ID="PAG_00000020_SP000082" VPOS="1251" WIDTH="21"/>
<String CONTENT="dj’a" HEIGHT="51" HPOS="1005" ID="PAG_00000020_ST000094" VPOS="1250" WC="1" WIDTH="81"/>
<SP HPOS="1087" ID="PAG_00000020_SP000083" VPOS="1261" WIDTH="19"/>
<String CONTENT="offaincé" HEIGHT="41" HPOS="1107" ID="PAG_00000020_ST000095" VPOS="1250" WC="0.61750000715255737" WIDTH="180"/>
<SP HPOS="1288" ID="PAG_00000020_SP000084" VPOS="1250" WIDTH="19"/>
<String CONTENT="l’bon" HEIGHT="40" HPOS="1308" ID="PAG_00000020_ST000096" VPOS="1251" WC="0.75599998235702515" WIDTH="115"/>
<SP HPOS="1424" ID="PAG_00000020_SP000085" VPOS="1251" WIDTH="23"/>
<String CONTENT="diet" HEIGHT="40" HPOS="1448" ID="PAG_00000020_ST000097" VPOS="1251" WC="0.81999999284744263" WIDTH="87"/>
<SP HPOS="1536" ID="PAG_00000020_SP000086" VPOS="1253" WIDTH="19"/>
<String CONTENT="et" HEIGHT="38" HPOS="1556" ID="PAG_00000020_ST000098" VPOS="1253" WC="0.83499997854232788" WIDTH="41"/>
<SP HPOS="1598" ID="PAG_00000020_SP000087" VPOS="1251" WIDTH="17"/>
<String CONTENT="d’zos" HEIGHT="40" HPOS="1616" ID="PAG_00000020_ST000099" VPOS="1251" WC="0.74199998378753662" WIDTH="113"/>
<SP HPOS="1730" ID="PAG_00000020_SP000088" VPOS="1261" WIDTH="22"/>
<String CONTENT="vos" HEIGHT="30" HPOS="1753" ID="PAG_00000020_ST000100" VPOS="1261" WC="0.77333331108093262" WIDTH="77"/>
<SP HPOS="1831" ID="PAG_00000020_SP000089" VPOS="1261" WIDTH="19"/>
<String CONTENT="ouïes." HEIGHT="40" HPOS="1851" ID="PAG_00000020_ST000101" VPOS="1251" WC="0.82999998331069946" WIDTH="135"/>
</TextLine>
<TextLine HEIGHT="52" HPOS="686" ID="PAG_00000020_TL000013" VPOS="1314" WIDTH="1300">
<String CONTENT="19." HEIGHT="40" HPOS="686" ID="PAG_00000020_ST000102" VPOS="1317" WC="0.38666665554046631" WIDTH="64"/>
<SP HPOS="751" ID="PAG_00000020_SP000090" VPOS="1316" WIDTH="25"/>
<String CONTENT="Dji" HEIGHT="52" HPOS="777" ID="PAG_00000020_ST000103" VPOS="1314" WC="0.73666667938232422" WIDTH="62"/>
<SP HPOS="840" ID="PAG_00000020_SP000091" VPOS="1315" WIDTH="30"/>
<String CONTENT="n'merite" HEIGHT="40" HPOS="871" ID="PAG_00000020_ST000104" VPOS="1315" WC="1" WIDTH="190"/>
<SP HPOS="1062" ID="PAG_00000020_SP000092" VPOS="1325" WIDTH="25"/>
<String CONTENT="pus" HEIGHT="40" HPOS="1088" ID="PAG_00000020_ST000105" VPOS="1325" WC="0.63333332538604736" WIDTH="78"/>
<SP HPOS="1167" ID="PAG_00000020_SP000093" VPOS="1324" WIDTH="28"/>
<String CONTENT="asteur" HEIGHT="38" HPOS="1196" ID="PAG_00000020_ST000106" VPOS="1317" WC="0.4166666567325592" WIDTH="144"/>
<SP HPOS="1341" ID="PAG_00000020_SP000094" VPOS="1315" WIDTH="35"/>
<String CONTENT="d’ess" HEIGHT="40" HPOS="1377" ID="PAG_00000020_ST000107" VPOS="1315" WC="0.92400002479553223" WIDTH="111"/>
<SP HPOS="1489" ID="PAG_00000020_SP000095" VPOS="1325" WIDTH="34"/>
<String CONTENT="nommé" HEIGHT="41" HPOS="1524" ID="PAG_00000020_ST000108" VPOS="1314" WC="0.77399998903274536" WIDTH="173"/>
<SP HPOS="1698" ID="PAG_00000020_SP000096" VPOS="1314" WIDTH="36"/>
<String CONTENT="vosse" HEIGHT="30" HPOS="1735" ID="PAG_00000020_ST000109" VPOS="1325" WC="0.77600002288818359" WIDTH="125"/>
<SP HPOS="1861" ID="PAG_00000020_SP000097" VPOS="1315" WIDTH="30"/>
<String CONTENT="fils," HEIGHT="49" HPOS="1892" ID="PAG_00000020_ST000110" VPOS="1315" WC="0.76599997282028198" WIDTH="94"/>
</TextLine>
<TextLine HEIGHT="50" HPOS="633" ID="PAG_00000020_TL000014" VPOS="1377" WIDTH="969">
<String CONTENT="traitez" HEIGHT="42" HPOS="633" ID="PAG_00000020_ST000111" VPOS="1378" WC="0.67285716533660889" WIDTH="147"/>
<SP HPOS="781" ID="PAG_00000020_SP000098" VPOS="1388" WIDTH="22"/>
<String CONTENT="me" HEIGHT="31" HPOS="804" ID="PAG_00000020_ST000112" VPOS="1387" WC="1" WIDTH="67"/>
<SP HPOS="872" ID="PAG_00000020_SP000099" VPOS="1387" WIDTH="19"/>
<String CONTENT="comme" HEIGHT="30" HPOS="892" ID="PAG_00000020_ST000113" VPOS="1387" WC="0.85199999809265137" WIDTH="167"/>
<SP HPOS="1060" ID="PAG_00000020_SP000100" VPOS="1387" WIDTH="19"/>
<String CONTENT="onque" HEIGHT="40" HPOS="1080" ID="PAG_00000020_ST000114" VPOS="1387" WC="0.52799999713897705" WIDTH="143"/>
<SP HPOS="1224" ID="PAG_00000020_SP000101" VPOS="1377" WIDTH="19"/>
<String CONTENT="di" HEIGHT="40" HPOS="1244" ID="PAG_00000020_ST000115" VPOS="1377" WC="0.80000001192092896" WIDTH="40"/>
<SP HPOS="1285" ID="PAG_00000020_SP000102" VPOS="1378" WIDTH="18"/>
<String CONTENT="vos" HEIGHT="30" HPOS="1304" ID="PAG_00000020_ST000116" VPOS="1387" WC="0.54666668176651001" WIDTH="78"/>
<SP HPOS="1383" ID="PAG_00000020_SP000103" VPOS="1388" WIDTH="20"/>
<String CONTENT="vaurlets." HEIGHT="40" HPOS="1404" ID="PAG_00000020_ST000117" VPOS="1378" WC="1" WIDTH="198"/>
</TextLine>
<TextLine HEIGHT="53" HPOS="685" ID="PAG_00000020_TL000015" VPOS="1439" WIDTH="1306">
<String CONTENT="20." HEIGHT="38" HPOS="685" ID="PAG_00000020_ST000118" VPOS="1443" WC="0.75333333015441895" WIDTH="65"/>
<SP HPOS="751" ID="PAG_00000020_SP000104" VPOS="1443" WIDTH="31"/>
<String CONTENT="I" HEIGHT="38" HPOS="783" ID="PAG_00000020_ST000119" VPOS="1443" WC="1" WIDTH="15"/>
<SP HPOS="799" ID="PAG_00000020_SP000105" VPOS="1443" WIDTH="21"/>
<String CONTENT="paurte" HEIGHT="49" HPOS="821" ID="PAG_00000020_ST000120" VPOS="1443" WC="1" WIDTH="144"/>
<SP HPOS="966" ID="PAG_00000020_SP000106" VPOS="1451" WIDTH="23"/>
<String CONTENT="et" HEIGHT="38" HPOS="990" ID="PAG_00000020_ST000121" VPOS="1443" WC="0.76499998569488525" WIDTH="40"/>
<SP HPOS="1031" ID="PAG_00000020_SP000107" VPOS="1443" WIDTH="18"/>
<String CONTENT="va" HEIGHT="31" HPOS="1050" ID="PAG_00000020_ST000122" VPOS="1450" WC="0.5" WIDTH="52"/>
<SP HPOS="1103" ID="PAG_00000020_SP000108" VPOS="1443" WIDTH="20"/>
<String CONTENT="trové" HEIGHT="43" HPOS="1124" ID="PAG_00000020_ST000123" VPOS="1439" WC="0.7160000205039978" WIDTH="120"/>
<SP HPOS="1245" ID="PAG_00000020_SP000109" VPOS="1439" WIDTH="18"/>
<String CONTENT="s’pére" HEIGHT="52" HPOS="1264" ID="PAG_00000020_ST000124" VPOS="1440" WC="0.63999998569488525" WIDTH="136"/>
<SP HPOS="1401" ID="PAG_00000020_SP000110" VPOS="1452" WIDTH="16"/>
<String CONTENT=";" HEIGHT="37" HPOS="1418" ID="PAG_00000020_ST000125" VPOS="1453" WC="0.9100000262260437" WIDTH="9"/>
<SP HPOS="1428" ID="PAG_00000020_SP000111" VPOS="1451" WIDTH="36"/>
<String CONTENT="mais" HEIGHT="40" HPOS="1465" ID="PAG_00000020_ST000126" VPOS="1441" WC="0.66500002145767212" WIDTH="106"/>
<SP HPOS="1572" ID="PAG_00000020_SP000112" VPOS="1451" WIDTH="31"/>
<String CONTENT="comme" HEIGHT="30" HPOS="1604" ID="PAG_00000020_ST000127" VPOS="1451" WC="0.76800000667572021" WIDTH="165"/>
<SP HPOS="1770" ID="PAG_00000020_SP000113" VPOS="1441" WIDTH="34"/>
<String CONTENT="il" HEIGHT="39" HPOS="1805" ID="PAG_00000020_ST000128" VPOS="1441" WC="0.61000001430511475" WIDTH="28"/>
<SP HPOS="1834" ID="PAG_00000020_SP000114" VPOS="1442" WIDTH="30"/>
<String CONTENT="estoit" HEIGHT="41" HPOS="1865" ID="PAG_00000020_ST000129" VPOS="1442" WC="0.75833332538604736" WIDTH="126"/>
</TextLine>
<TextLine HEIGHT="51" HPOS="633" ID="PAG_00000020_TL000016" VPOS="1503" WIDTH="1356">
<String CONTENT="eo" HEIGHT="31" HPOS="633" ID="PAG_00000020_ST000130" VPOS="1516" WC="0.56999999284744263" WIDTH="50"/>
<SP HPOS="684" ID="PAG_00000020_SP000115" VPOS="1506" WIDTH="18"/>
<String CONTENT="bain" HEIGHT="41" HPOS="703" ID="PAG_00000020_ST000131" VPOS="1504" WC="0.47999998927116394" WIDTH="100"/>
<SP HPOS="804" ID="PAG_00000020_SP000116" VPOS="1506" WIDTH="21"/>
<String CONTENT="long," HEIGHT="48" HPOS="826" ID="PAG_00000020_ST000132" VPOS="1506" WC="0.52999997138977051" WIDTH="115"/>
<SP HPOS="942" ID="PAG_00000020_SP000117" VPOS="1515" WIDTH="19"/>
<String CONTENT="s’pére" HEIGHT="51" HPOS="962" ID="PAG_00000020_ST000133" VPOS="1503" WC="0.49000000953674316" WIDTH="136"/>
<SP HPOS="1099" ID="PAG_00000020_SP000118" VPOS="1505" WIDTH="19"/>
<String CONTENT="li" HEIGHT="39" HPOS="1119" ID="PAG_00000020_ST000134" VPOS="1504" WC="0.77999997138977051" WIDTH="28"/>
<SP HPOS="1148" ID="PAG_00000020_SP000119" VPOS="1504" WIDTH="19"/>
<String CONTENT="woit" HEIGHT="41" HPOS="1168" ID="PAG_00000020_ST000135" VPOS="1504" WC="0.48500001430511475" WIDTH="105"/>
<SP HPOS="1274" ID="PAG_00000020_SP000120" VPOS="1507" WIDTH="15"/>
<String CONTENT="et" HEIGHT="37" HPOS="1290" ID="PAG_00000020_ST000136" VPOS="1507" WC="0.62999999523162842" WIDTH="44"/>
<SP HPOS="1335" ID="PAG_00000020_SP000121" VPOS="1504" WIDTH="17"/>
<String CONTENT="il" HEIGHT="40" HPOS="1353" ID="PAG_00000020_ST000137" VPOS="1504" WC="0.74500000476837158" WIDTH="29"/>
<SP HPOS="1383" ID="PAG_00000020_SP000122" VPOS="1506" WIDTH="15"/>
<String CONTENT="est" HEIGHT="38" HPOS="1399" ID="PAG_00000020_ST000138" VPOS="1507" WC="0.40999999642372131" WIDTH="64"/>
<SP HPOS="1464" ID="PAG_00000020_SP000123" VPOS="1507" WIDTH="31"/>
<String CONTENT="toûchi" HEIGHT="41" HPOS="1496" ID="PAG_00000020_ST000139" VPOS="1504" WC="0.61000001430511475" WIDTH="144"/>
<SP HPOS="1641" ID="PAG_00000020_SP000124" VPOS="1504" WIDTH="32"/>
<String CONTENT="d’compassion" HEIGHT="50" HPOS="1674" ID="PAG_00000020_ST000140" VPOS="1504" WC="0.74416667222976685" WIDTH="315"/>
</TextLine>
<TextLine HEIGHT="49" HPOS="634" ID="PAG_00000020_TL000017" VPOS="1568" WIDTH="1328">
<String CONTENT="et" HEIGHT="37" HPOS="634" ID="PAG_00000020_ST000141" VPOS="1573" WC="0.55500000715255737" WIDTH="41"/>
<SP HPOS="676" ID="PAG_00000020_SP000125" VPOS="1573" WIDTH="19"/>
<String CONTENT="courant" HEIGHT="37" HPOS="696" ID="PAG_00000020_ST000142" VPOS="1572" WC="0.68428570032119751" WIDTH="182"/>
<SP HPOS="879" ID="PAG_00000020_SP000126" VPOS="1572" WIDTH="19"/>
<String CONTENT="au-d’vant" HEIGHT="40" HPOS="899" ID="PAG_00000020_ST000143" VPOS="1568" WC="0.74000000953674316" WIDTH="217"/>
<SP HPOS="1117" ID="PAG_00000020_SP000127" VPOS="1568" WIDTH="18"/>
<String CONTENT="d’ii," HEIGHT="48" HPOS="1136" ID="PAG_00000020_ST000144" VPOS="1568" WC="0.82200002670288086" WIDTH="87"/>
<SP HPOS="1224" ID="PAG_00000020_SP000128" VPOS="1568" WIDTH="23"/>
<String CONTENT="il" HEIGHT="39" HPOS="1248" ID="PAG_00000020_ST000145" VPOS="1568" WC="0.87000000476837158" WIDTH="28"/>
<SP HPOS="1277" ID="PAG_00000020_SP000129" VPOS="1569" WIDTH="18"/>
<String CONTENT="li" HEIGHT="39" HPOS="1296" ID="PAG_00000020_ST000146" VPOS="1568" WC="0.94999998807907104" WIDTH="28"/>
<SP HPOS="1325" ID="PAG_00000020_SP000130" VPOS="1568" WIDTH="19"/>
<String CONTENT="sautelle" HEIGHT="39" HPOS="1345" ID="PAG_00000020_ST000147" VPOS="1569" WC="0.66750001907348633" WIDTH="181"/>
<SP HPOS="1527" ID="PAG_00000020_SP000131" VPOS="1578" WIDTH="20"/>
<String CONTENT="au" HEIGHT="29" HPOS="1548" ID="PAG_00000020_ST000148" VPOS="1578" WC="0.29499998688697815" WIDTH="52"/>
<SP HPOS="1601" ID="PAG_00000020_SP000132" VPOS="1578" WIDTH="18"/>
<String CONTENT="coo" HEIGHT="30" HPOS="1620" ID="PAG_00000020_ST000149" VPOS="1578" WC="0.59666669368743896" WIDTH="77"/>
<SP HPOS="1698" ID="PAG_00000020_SP000133" VPOS="1578" WIDTH="20"/>
<String CONTENT="et" HEIGHT="35" HPOS="1719" ID="PAG_00000020_ST000150" VPOS="1572" WC="0.46000000834465027" WIDTH="41"/>
<SP HPOS="1761" ID="PAG_00000020_SP000134" VPOS="1568" WIDTH="19"/>
<String CONTENT="l’bauge." HEIGHT="49" HPOS="1781" ID="PAG_00000020_ST000151" VPOS="1568" WC="0.50875002145767212" WIDTH="181"/>
</TextLine>
<TextLine HEIGHT="54" HPOS="685" ID="PAG_00000020_TL000018" VPOS="1630" WIDTH="1308">
<String CONTENT="21." HEIGHT="39" HPOS="685" ID="PAG_00000020_ST000152" VPOS="1634" WC="0.85000002384185791" WIDTH="65"/>
<SP HPOS="751" ID="PAG_00000020_SP000135" VPOS="1633" WIDTH="31"/>
<String CONTENT="Et" HEIGHT="40" HPOS="783" ID="PAG_00000020_ST000153" VPOS="1633" WC="0.72500002384185791" WIDTH="49"/>
<SP HPOS="833" ID="PAG_00000020_SP000136" VPOS="1633" WIDTH="14"/>
<String CONTENT="l’fils" HEIGHT="40" HPOS="848" ID="PAG_00000020_ST000154" VPOS="1632" WC="0.81333333253860474" WIDTH="99"/>
<SP HPOS="948" ID="PAG_00000020_SP000137" VPOS="1633" WIDTH="18"/>
<String CONTENT="li" HEIGHT="39" HPOS="967" ID="PAG_00000020_ST000155" VPOS="1632" WC="0.68000000715255737" WIDTH="29"/>
<SP HPOS="997" ID="PAG_00000020_SP000138" VPOS="1632" WIDTH="25"/>
<String CONTENT="dit" HEIGHT="41" HPOS="1023" ID="PAG_00000020_ST000156" VPOS="1632" WC="1" WIDTH="61"/>
<SP HPOS="1085" ID="PAG_00000020_SP000139" VPOS="1635" WIDTH="14"/>
<String CONTENT=":" HEIGHT="28" HPOS="1100" ID="PAG_00000020_ST000157" VPOS="1644" WC="0.46000000834465027" WIDTH="7"/>
<SP HPOS="1108" ID="PAG_00000020_SP000140" VPOS="1633" WIDTH="23"/>
<String CONTENT="Père," HEIGHT="49" HPOS="1132" ID="PAG_00000020_ST000158" VPOS="1632" WC="0.7720000147819519" WIDTH="118"/>
<SP HPOS="1251" ID="PAG_00000020_SP000141" VPOS="1632" WIDTH="21"/>
<String CONTENT="dj’a" HEIGHT="52" HPOS="1273" ID="PAG_00000020_ST000159" VPOS="1632" WC="0.7774999737739563" WIDTH="82"/>
<SP HPOS="1356" ID="PAG_00000020_SP000142" VPOS="1642" WIDTH="19"/>
<String CONTENT="offaincé" HEIGHT="42" HPOS="1376" ID="PAG_00000020_ST000160" VPOS="1630" WC="0.52125000953674316" WIDTH="181"/>
<SP HPOS="1558" ID="PAG_00000020_SP000143" VPOS="1630" WIDTH="17"/>
<String CONTENT="l’bon" HEIGHT="40" HPOS="1576" ID="PAG_00000020_ST000161" VPOS="1632" WC="0.47400000691413879" WIDTH="113"/>
<SP HPOS="1690" ID="PAG_00000020_SP000144" VPOS="1631" WIDTH="21"/>
<String CONTENT="diet" HEIGHT="41" HPOS="1712" ID="PAG_00000020_ST000162" VPOS="1631" WC="0.79500001668930054" WIDTH="84"/>
<SP HPOS="1797" ID="PAG_00000020_SP000145" VPOS="1634" WIDTH="19"/>
<String CONTENT="et" HEIGHT="37" HPOS="1817" ID="PAG_00000020_ST000163" VPOS="1635" WC="0.76499998569488525" WIDTH="41"/>
<SP HPOS="1859" ID="PAG_00000020_SP000146" VPOS="1632" WIDTH="18"/>
<String CONTENT="d’zos" HEIGHT="41" HPOS="1878" ID="PAG_00000020_ST000164" VPOS="1632" WC="0.76800000667572021" WIDTH="115"/>
</TextLine>
<TextLine HEIGHT="51" HPOS="633" ID="PAG_00000020_TL000019" VPOS="1695" WIDTH="1355">
<String CONTENT="vos" HEIGHT="29" HPOS="633" ID="PAG_00000020_ST000165" VPOS="1708" WC="0.8399999737739563" WIDTH="78"/>
<SP HPOS="712" ID="PAG_00000020_SP000147" VPOS="1707" WIDTH="18"/>
<String CONTENT="ouïes" HEIGHT="40" HPOS="731" ID="PAG_00000020_ST000166" VPOS="1697" WC="0.72600001096725464" WIDTH="122"/>
<SP HPOS="854" ID="PAG_00000020_SP000148" VPOS="1696" WIDTH="18"/>
<String CONTENT="dji" HEIGHT="50" HPOS="873" ID="PAG_00000020_ST000167" VPOS="1696" WC="0.85333335399627686" WIDTH="57"/>
<SP HPOS="931" ID="PAG_00000020_SP000149" VPOS="1696" WIDTH="20"/>
<String CONTENT="n’merite" HEIGHT="40" HPOS="952" ID="PAG_00000020_ST000168" VPOS="1696" WC="0.70375001430511475" WIDTH="194"/>
<SP HPOS="1147" ID="PAG_00000020_SP000150" VPOS="1707" WIDTH="19"/>
<String CONTENT="pus" HEIGHT="39" HPOS="1167" ID="PAG_00000020_ST000169" VPOS="1707" WC="0.76666665077209473" WIDTH="81"/>
<SP HPOS="1249" ID="PAG_00000020_SP000151" VPOS="1706" WIDTH="20"/>
<String CONTENT="asteur" HEIGHT="39" HPOS="1270" ID="PAG_00000020_ST000170" VPOS="1697" WC="0.71666663885116577" WIDTH="141"/>
<SP HPOS="1412" ID="PAG_00000020_SP000152" VPOS="1696" WIDTH="20"/>
<String CONTENT="d’ess" HEIGHT="40" HPOS="1433" ID="PAG_00000020_ST000171" VPOS="1696" WC="0.76399999856948853" WIDTH="110"/>
<SP HPOS="1544" ID="PAG_00000020_SP000153" VPOS="1706" WIDTH="20"/>
<String CONTENT="nommé" HEIGHT="40" HPOS="1565" ID="PAG_00000020_ST000172" VPOS="1695" WC="0.69199997186660767" WIDTH="171"/>
<SP HPOS="1737" ID="PAG_00000020_SP000154" VPOS="1695" WIDTH="18"/>
<String CONTENT="vosse" HEIGHT="32" HPOS="1756" ID="PAG_00000020_ST000173" VPOS="1704" WC="0.93199998140335083" WIDTH="126"/>
<SP HPOS="1883" ID="PAG_00000020_SP000155" VPOS="1695" WIDTH="20"/>
<String CONTENT="fils." HEIGHT="41" HPOS="1904" ID="PAG_00000020_ST000174" VPOS="1695" WC="0.68199998140335083" WIDTH="84"/>
</TextLine>
<TextLine HEIGHT="52" HPOS="688" ID="PAG_00000020_TL000020" VPOS="1759" WIDTH="1307">
<String CONTENT="22." HEIGHT="39" HPOS="688" ID="PAG_00000020_ST000175" VPOS="1762" WC="0.85000002384185791" WIDTH="66"/>
<SP HPOS="755" ID="PAG_00000020_SP000156" VPOS="1762" WIDTH="27"/>
<String CONTENT="Li" HEIGHT="41" HPOS="783" ID="PAG_00000020_ST000176" VPOS="1761" WC="0.375" WIDTH="48"/>
<SP HPOS="832" ID="PAG_00000020_SP000157" VPOS="1761" WIDTH="20"/>
<String CONTENT="père" HEIGHT="51" HPOS="853" ID="PAG_00000020_ST000177" VPOS="1760" WC="0.54250001907348633" WIDTH="99"/>
<SP HPOS="953" ID="PAG_00000020_SP000158" VPOS="1760" WIDTH="18"/>
<String CONTENT="dit" HEIGHT="39" HPOS="972" ID="PAG_00000020_ST000178" VPOS="1760" WC="0.80666667222976685" WIDTH="60"/>
<SP HPOS="1033" ID="PAG_00000020_SP000159" VPOS="1763" WIDTH="23"/>
<String CONTENT="aloors" HEIGHT="39" HPOS="1057" ID="PAG_00000020_ST000179" VPOS="1761" WC="1" WIDTH="135"/>
<SP HPOS="1193" ID="PAG_00000020_SP000160" VPOS="1760" WIDTH="23"/>
<String CONTENT="à" HEIGHT="39" HPOS="1217" ID="PAG_00000020_ST000180" VPOS="1760" WC="0.81999999284744263" WIDTH="21"/>
<SP HPOS="1239" ID="PAG_00000020_SP000161" VPOS="1760" WIDTH="24"/>
<String CONTENT="ses" HEIGHT="30" HPOS="1264" ID="PAG_00000020_ST000181" VPOS="1770" WC="0.69999998807907104" WIDTH="67"/>
<SP HPOS="1332" ID="PAG_00000020_SP000162" VPOS="1771" WIDTH="28"/>
<String CONTENT="vaurlets" HEIGHT="40" HPOS="1361" ID="PAG_00000020_ST000182" VPOS="1761" WC="0.61624997854232788" WIDTH="190"/>
<SP HPOS="1552" ID="PAG_00000020_SP000163" VPOS="1770" WIDTH="18"/>
<String CONTENT=":" HEIGHT="27" HPOS="1571" ID="PAG_00000020_ST000183" VPOS="1771" WC="0.25999999046325684" WIDTH="7"/>
<SP HPOS="1579" ID="PAG_00000020_SP000164" VPOS="1770" WIDTH="31"/>
<String CONTENT="allez" HEIGHT="40" HPOS="1611" ID="PAG_00000020_ST000184" VPOS="1760" WC="0.70599997043609619" WIDTH="104"/>
<SP HPOS="1716" ID="PAG_00000020_SP000165" VPOS="1770" WIDTH="31"/>
<String CONTENT="quaire" HEIGHT="50" HPOS="1748" ID="PAG_00000020_ST000185" VPOS="1759" WC="0.62166666984558105" WIDTH="150"/>
<SP HPOS="1899" ID="PAG_00000020_SP000166" VPOS="1760" WIDTH="32"/>
<String CONTENT="les" HEIGHT="40" HPOS="1932" ID="PAG_00000020_ST000186" VPOS="1760" WC="0.81999999284744263" WIDTH="63"/>
</TextLine>
<TextLine HEIGHT="54" HPOS="637" ID="PAG_00000020_TL000021" VPOS="1823" WIDTH="1355">
<String CONTENT="pus" HEIGHT="42" HPOS="637" ID="PAG_00000020_ST000187" VPOS="1835" WC="1" WIDTH="75"/>
<SP HPOS="713" ID="PAG_00000020_SP000167" VPOS="1825" WIDTH="22"/>
<String CONTENT="bias" HEIGHT="41" HPOS="736" ID="PAG_00000020_ST000188" VPOS="1825" WC="0.48500001430511475" WIDTH="92"/>
<SP HPOS="829" ID="PAG_00000020_SP000168" VPOS="1826" WIDTH="23"/>
<String CONTENT="habiemains" HEIGHT="40" HPOS="853" ID="PAG_00000020_ST000189" VPOS="1825" WC="1" WIDTH="257"/>
<SP HPOS="1111" ID="PAG_00000020_SP000169" VPOS="1835" WIDTH="24"/>
<String CONTENT="et" HEIGHT="39" HPOS="1136" ID="PAG_00000020_ST000190" VPOS="1826" WC="0.64999997615814209" WIDTH="40"/>
<SP HPOS="1177" ID="PAG_00000020_SP000170" VPOS="1826" WIDTH="20"/>
<String CONTENT="mettos" HEIGHT="38" HPOS="1198" ID="PAG_00000020_ST000191" VPOS="1827" WC="0.68666666746139526" WIDTH="153"/>
<SP HPOS="1352" ID="PAG_00000020_SP000171" VPOS="1824" WIDTH="30"/>
<String CONTENT="les" HEIGHT="40" HPOS="1383" ID="PAG_00000020_ST000192" VPOS="1824" WC="0.4699999988079071" WIDTH="62"/>
<SP HPOS="1446" ID="PAG_00000020_SP000172" VPOS="1825" WIDTH="28"/>
<String CONTENT="li" HEIGHT="38" HPOS="1475" ID="PAG_00000020_ST000193" VPOS="1824" WC="1" WIDTH="29"/>
<SP HPOS="1505" ID="PAG_00000020_SP000173" VPOS="1824" WIDTH="30"/>
<String CONTENT="sul'couare," HEIGHT="49" HPOS="1536" ID="PAG_00000020_ST000194" VPOS="1823" WC="1" WIDTH="261"/>
<SP HPOS="1798" ID="PAG_00000020_SP000174" VPOS="1833" WIDTH="40"/>
<String CONTENT="mettos" HEIGHT="39" HPOS="1839" ID="PAG_00000020_ST000195" VPOS="1826" WC="0.69833332300186157" WIDTH="153"/>
</TextLine>
<TextLine HEIGHT="52" HPOS="634" ID="PAG_00000020_TL000022" VPOS="1885" WIDTH="1123">
<String CONTENT="li" HEIGHT="39" HPOS="634" ID="PAG_00000020_ST000196" VPOS="1888" WC="0.83499997854232788" WIDTH="29"/>
<SP HPOS="664" ID="PAG_00000020_SP000175" VPOS="1888" WIDTH="20"/>
<String CONTENT="one" HEIGHT="30" HPOS="685" ID="PAG_00000020_ST000197" VPOS="1898" WC="0.49666666984558105" WIDTH="83"/>
<SP HPOS="769" ID="PAG_00000020_SP000176" VPOS="1888" WIDTH="18"/>
<String CONTENT="bague" HEIGHT="49" HPOS="788" ID="PAG_00000020_ST000198" VPOS="1888" WC="0.36000001430511475" WIDTH="137"/>
<SP HPOS="926" ID="PAG_00000020_SP000177" VPOS="1887" WIDTH="21"/>
<String CONTENT="à" HEIGHT="39" HPOS="948" ID="PAG_00000020_ST000199" VPOS="1887" WC="0.61000001430511475" WIDTH="22"/>
<SP HPOS="971" ID="PAG_00000020_SP000178" VPOS="1887" WIDTH="19"/>
<String CONTENT="s’doigt" HEIGHT="50" HPOS="991" ID="PAG_00000020_ST000200" VPOS="1887" WC="0.86000001430511475" WIDTH="153"/>
<SP HPOS="1145" ID="PAG_00000020_SP000179" VPOS="1889" WIDTH="17"/>
<String CONTENT="et" HEIGHT="38" HPOS="1163" ID="PAG_00000020_ST000201" VPOS="1889" WC="0.59500002861022949" WIDTH="41"/>
<SP HPOS="1205" ID="PAG_00000020_SP000180" VPOS="1887" WIDTH="17"/>
<String CONTENT="des" HEIGHT="40" HPOS="1223" ID="PAG_00000020_ST000202" VPOS="1887" WC="0.88999998569488525" WIDTH="75"/>
<SP HPOS="1299" ID="PAG_00000020_SP000181" VPOS="1897" WIDTH="18"/>
<String CONTENT="solés" HEIGHT="42" HPOS="1318" ID="PAG_00000020_ST000203" VPOS="1885" WC="0.61599999666213989" WIDTH="113"/>
<SP HPOS="1432" ID="PAG_00000020_SP000182" VPOS="1887" WIDTH="18"/>
<String CONTENT="dains" HEIGHT="40" HPOS="1451" ID="PAG_00000020_ST000204" VPOS="1886" WC="0.48600000143051147" WIDTH="123"/>
<SP HPOS="1575" ID="PAG_00000020_SP000183" VPOS="1896" WIDTH="16"/>
<String CONTENT="ses" HEIGHT="30" HPOS="1592" ID="PAG_00000020_ST000205" VPOS="1896" WC="0.76999998092651367" WIDTH="68"/>
<SP HPOS="1661" ID="PAG_00000020_SP000184" VPOS="1896" WIDTH="18"/>
<String CONTENT="pis." HEIGHT="49" HPOS="1680" ID="PAG_00000020_ST000206" VPOS="1887" WC="0.875" WIDTH="77"/>
</TextLine>
<TextLine HEIGHT="49" HPOS="686" ID="PAG_00000020_TL000023" VPOS="1950" WIDTH="1310">
<String CONTENT="23." HEIGHT="38" HPOS="686" ID="PAG_00000020_ST000207" VPOS="1951" WC="0.69999998807907104" WIDTH="66"/>
<SP HPOS="753" ID="PAG_00000020_SP000185" VPOS="1952" WIDTH="30"/>
<String CONTENT="Et" HEIGHT="39" HPOS="784" ID="PAG_00000020_ST000208" VPOS="1952" WC="1" WIDTH="49"/>
<SP HPOS="834" ID="PAG_00000020_SP000186" VPOS="1953" WIDTH="19"/>
<String CONTENT="amouainmez" HEIGHT="41" HPOS="854" ID="PAG_00000020_ST000209" VPOS="1951" WC="0.55199998617172241" WIDTH="306"/>
<SP HPOS="1161" ID="PAG_00000020_SP000187" VPOS="1951" WIDTH="28"/>
<String CONTENT="l’crau" HEIGHT="41" HPOS="1190" ID="PAG_00000020_ST000210" VPOS="1950" WC="0.61666667461395264" WIDTH="134"/>
<SP HPOS="1325" ID="PAG_00000020_SP000188" VPOS="1962" WIDTH="24"/>
<String CONTENT="via," HEIGHT="48" HPOS="1350" ID="PAG_00000020_ST000211" VPOS="1951" WC="0.81749999523162842" WIDTH="92"/>
<SP HPOS="1443" ID="PAG_00000020_SP000189" VPOS="1953" WIDTH="31"/>
<String CONTENT="touez-le" HEIGHT="41" HPOS="1475" ID="PAG_00000020_ST000212" VPOS="1951" WC="0.66124999523162842" WIDTH="182"/>
<SP HPOS="1658" ID="PAG_00000020_SP000190" VPOS="1960" WIDTH="30"/>
<String CONTENT="et" HEIGHT="38" HPOS="1689" ID="PAG_00000020_ST000213" VPOS="1952" WC="0.70499998331069946" WIDTH="42"/>
<SP HPOS="1732" ID="PAG_00000020_SP000191" VPOS="1952" WIDTH="27"/>
<String CONTENT="nos" HEIGHT="31" HPOS="1760" ID="PAG_00000020_ST000214" VPOS="1960" WC="0.82333332300186157" WIDTH="79"/>
<SP HPOS="1840" ID="PAG_00000020_SP000192" VPOS="1950" WIDTH="35"/>
<String CONTENT="frans" HEIGHT="41" HPOS="1876" ID="PAG_00000020_ST000215" VPOS="1950" WC="0.75400000810623169" WIDTH="120"/>
</TextLine>
<TextLine HEIGHT="41" HPOS="634" ID="PAG_00000020_TL000024" VPOS="2013" WIDTH="171">
<String CONTENT="l’fiesse." HEIGHT="41" HPOS="634" ID="PAG_00000020_ST000216" VPOS="2013" WC="0.79666668176651001" WIDTH="171"/>
</TextLine>
<TextLine HEIGHT="62" HPOS="686" ID="PAG_00000020_TL000025" VPOS="2074" WIDTH="1313">
<String CONTENT="24." HEIGHT="39" HPOS="686" ID="PAG_00000020_ST000217" VPOS="2085" WC="0.67000001668930054" WIDTH="67"/>
<SP HPOS="754" ID="PAG_00000020_SP000193" VPOS="2085" WIDTH="30"/>
<String CONTENT="Pusqui" HEIGHT="50" HPOS="785" ID="PAG_00000020_ST000218" VPOS="2084" WC="0.60166668891906738" WIDTH="159"/>
<SP HPOS="945" ID="PAG_00000020_SP000194" VPOS="2084" WIDTH="21"/>
<String CONTENT="m’fils" HEIGHT="40" HPOS="967" ID="PAG_00000020_ST000219" VPOS="2084" WC="0.56166666746139526" WIDTH="126"/>
<SP HPOS="1094" ID="PAG_00000020_SP000195" VPOS="2095" WIDTH="19"/>
<String CONTENT="estoit" HEIGHT="40" HPOS="1114" ID="PAG_00000020_ST000220" VPOS="2085" WC="0.77499997615814209" WIDTH="126"/>
<SP HPOS="1241" ID="PAG_00000020_SP000196" VPOS="2087" WIDTH="17"/>
<String CONTENT="mouart" HEIGHT="40" HPOS="1259" ID="PAG_00000020_ST000221" VPOS="2086" WC="0.78333336114883423" WIDTH="171"/>
<SP HPOS="1431" ID="PAG_00000020_SP000197" VPOS="2086" WIDTH="14"/>
<String CONTENT="et" HEIGHT="38" HPOS="1446" ID="PAG_00000020_ST000222" VPOS="2087" WC="0.75999999046325684" WIDTH="41"/>
<SP HPOS="1488" ID="PAG_00000020_SP000198" VPOS="2085" WIDTH="19"/>
<String CONTENT="il" HEIGHT="39" HPOS="1508" ID="PAG_00000020_ST000223" VPOS="2085" WC="0.95999997854232788" WIDTH="27"/>
<SP HPOS="1536" ID="PAG_00000020_SP000199" VPOS="2085" WIDTH="20"/>
<String CONTENT="est" HEIGHT="39" HPOS="1557" ID="PAG_00000020_ST000224" VPOS="2088" WC="0.87666666507720947" WIDTH="64"/>
<SP HPOS="1622" ID="PAG_00000020_SP000200" VPOS="2088" WIDTH="15"/>
<String CONTENT="raviqué" HEIGHT="52" HPOS="1638" ID="PAG_00000020_ST000225" VPOS="2084" WC="0.62428569793701172" WIDTH="176"/>
<SP HPOS="1815" ID="PAG_00000020_SP000201" VPOS="2084" WIDTH="14"/>
<String CONTENT="il" HEIGHT="39" HPOS="1830" ID="PAG_00000020_ST000226" VPOS="2085" WC="0.82999998331069946" WIDTH="28"/>
<SP HPOS="1859" ID="PAG_00000020_SP000202" VPOS="2085" WIDTH="13"/>
<String CONTENT="estoit" HEIGHT="51" HPOS="1873" ID="PAG_00000020_ST000227" VPOS="2074" WC="0.63166666030883789" WIDTH="126"/>
</TextLine>
<TextLine HEIGHT="52" HPOS="634" ID="PAG_00000020_TL000026" VPOS="2148" WIDTH="1364">
<String CONTENT="pierdu" HEIGHT="51" HPOS="634" ID="PAG_00000020_ST000228" VPOS="2149" WC="1" WIDTH="147"/>
<SP HPOS="782" ID="PAG_00000020_SP000203" VPOS="2159" WIDTH="24"/>
<String CONTENT="et" HEIGHT="39" HPOS="807" ID="PAG_00000020_ST000229" VPOS="2151" WC="0.46000000834465027" WIDTH="40"/>
<SP HPOS="848" ID="PAG_00000020_SP000204" VPOS="2149" WIDTH="19"/>
<String CONTENT="il" HEIGHT="39" HPOS="868" ID="PAG_00000020_ST000230" VPOS="2149" WC="1" WIDTH="29"/>
<SP HPOS="898" ID="PAG_00000020_SP000205" VPOS="2150" WIDTH="20"/>
<String CONTENT="est" HEIGHT="39" HPOS="919" ID="PAG_00000020_ST000231" VPOS="2151" WC="0.93666666746139526" WIDTH="64"/>
<SP HPOS="984" ID="PAG_00000020_SP000206" VPOS="2151" WIDTH="18"/>
<String CONTENT="r‘" HEIGHT="39" HPOS="1003" ID="PAG_00000020_ST000232" VPOS="2150" WC="1" WIDTH="28"/>
<SP HPOS="1032" ID="PAG_00000020_SP000207" VPOS="2150" WIDTH="10"/>
<String CONTENT="trové" HEIGHT="42" HPOS="1043" ID="PAG_00000020_ST000233" VPOS="2148" WC="0.64600002765655518" WIDTH="117"/>
<SP HPOS="1161" ID="PAG_00000020_SP000208" VPOS="2148" WIDTH="19"/>
<String CONTENT="et" HEIGHT="38" HPOS="1181" ID="PAG_00000020_ST000234" VPOS="2152" WC="0.55000001192092896" WIDTH="42"/>
<SP HPOS="1224" ID="PAG_00000020_SP000209" VPOS="2149" WIDTH="14"/>
<String CONTENT="is" HEIGHT="40" HPOS="1239" ID="PAG_00000020_ST000235" VPOS="2149" WC="0.89499998092651367" WIDTH="34"/>
<SP HPOS="1274" ID="PAG_00000020_SP000210" VPOS="2159" WIDTH="19"/>
<String CONTENT="s’sont" HEIGHT="42" HPOS="1294" ID="PAG_00000020_ST000236" VPOS="2149" WC="0.63166666030883789" WIDTH="136"/>
<SP HPOS="1431" ID="PAG_00000020_SP000211" VPOS="2152" WIDTH="32"/>
<String CONTENT="mettu" HEIGHT="39" HPOS="1464" ID="PAG_00000020_ST000237" VPOS="2151" WC="0.68400001525878906" WIDTH="132"/>
<SP HPOS="1597" ID="PAG_00000020_SP000212" VPOS="2149" WIDTH="34"/>
<String CONTENT="à" HEIGHT="39" HPOS="1632" ID="PAG_00000020_ST000238" VPOS="2149" WC="0.25999999046325684" WIDTH="22"/>
<SP HPOS="1655" ID="PAG_00000020_SP000213" VPOS="2149" WIDTH="30"/>
<String CONTENT="tauve," HEIGHT="46" HPOS="1686" ID="PAG_00000020_ST000239" VPOS="2151" WC="0.74166667461395264" WIDTH="153"/>
<SP HPOS="1840" ID="PAG_00000020_SP000214" VPOS="2158" WIDTH="42"/>
<String CONTENT="et" HEIGHT="38" HPOS="1883" ID="PAG_00000020_ST000240" VPOS="2150" WC="0.8399999737739563" WIDTH="41"/>
<SP HPOS="1925" ID="PAG_00000020_SP000215" VPOS="2148" WIDTH="34"/>
<String CONTENT="is" HEIGHT="40" HPOS="1960" ID="PAG_00000020_ST000241" VPOS="2148" WC="0.56499999761581421" WIDTH="38"/>
</TextLine>
<TextLine HEIGHT="42" HPOS="639" ID="PAG_00000020_TL000027" VPOS="2212" WIDTH="468">
<String CONTENT="s’sont" HEIGHT="41" HPOS="639" ID="PAG_00000020_ST000242" VPOS="2213" WC="0.82333332300186157" WIDTH="137"/>
<SP HPOS="777" ID="PAG_00000020_SP000216" VPOS="2213" WIDTH="17"/>
<String CONTENT="bain" HEIGHT="39" HPOS="795" ID="PAG_00000020_ST000243" VPOS="2213" WC="0.75249999761581421" WIDTH="99"/>
<SP HPOS="895" ID="PAG_00000020_SP000217" VPOS="2212" WIDTH="20"/>
<String CONTENT="divertis." HEIGHT="42" HPOS="916" ID="PAG_00000020_ST000244" VPOS="2212" WC="0.74000000953674316" WIDTH="191"/>
</TextLine>
<TextLine HEIGHT="51" HPOS="686" ID="PAG_00000020_TL000028" VPOS="2276" WIDTH="1314">
<String CONTENT="25." HEIGHT="40" HPOS="686" ID="PAG_00000020_ST000245" VPOS="2277" WC="0.43666666746139526" WIDTH="66"/>
<SP HPOS="753" ID="PAG_00000020_SP000218" VPOS="2277" WIDTH="32"/>
<String CONTENT="Mais" HEIGHT="39" HPOS="786" ID="PAG_00000020_ST000246" VPOS="2277" WC="0.48500001430511475" WIDTH="102"/>
<SP HPOS="889" ID="PAG_00000020_SP000219" VPOS="2277" WIDTH="19"/>
<String CONTENT="l’pu" HEIGHT="50" HPOS="909" ID="PAG_00000020_ST000247" VPOS="2277" WC="0.7774999737739563" WIDTH="86"/>
<SP HPOS="996" ID="PAG_00000020_SP000220" VPOS="2288" WIDTH="19"/>
<String CONTENT="vi" HEIGHT="40" HPOS="1016" ID="PAG_00000020_ST000248" VPOS="2277" WC="1" WIDTH="41"/>
<SP HPOS="1058" ID="PAG_00000020_SP000221" VPOS="2277" WIDTH="34"/>
<String CONTENT="des" HEIGHT="41" HPOS="1093" ID="PAG_00000020_ST000249" VPOS="2277" WC="0.36333334445953369" WIDTH="75"/>
<SP HPOS="1169" ID="PAG_00000020_SP000222" VPOS="2288" WIDTH="31"/>
<String CONTENT="garçons" HEIGHT="40" HPOS="1201" ID="PAG_00000020_ST000250" VPOS="2287" WC="0.59714287519454956" WIDTH="182"/>
<SP HPOS="1384" ID="PAG_00000020_SP000223" VPOS="2287" WIDTH="35"/>
<String CONTENT="esteuve" HEIGHT="39" HPOS="1420" ID="PAG_00000020_ST000251" VPOS="2278" WC="1" WIDTH="167"/>
<SP HPOS="1588" ID="PAG_00000020_SP000224" VPOS="2286" WIDTH="35"/>
<String CONTENT="aux" HEIGHT="30" HPOS="1624" ID="PAG_00000020_ST000252" VPOS="2286" WC="0.51999998092651367" WIDTH="84"/>
<SP HPOS="1709" ID="PAG_00000020_SP000225" VPOS="2277" WIDTH="29"/>
<String CONTENT="tchamps" HEIGHT="50" HPOS="1739" ID="PAG_00000020_ST000253" VPOS="2276" WC="0.65142858028411865" WIDTH="190"/>
<SP HPOS="1930" ID="PAG_00000020_SP000226" VPOS="2284" WIDTH="27"/>
<String CONTENT="et" HEIGHT="38" HPOS="1958" ID="PAG_00000020_ST000254" VPOS="2277" WC="0.46000000834465027" WIDTH="42"/>
</TextLine>
<TextLine HEIGHT="53" HPOS="634" ID="PAG_00000020_TL000029" VPOS="2339" WIDTH="1364">
<String CONTENT="comme" HEIGHT="34" HPOS="634" ID="PAG_00000020_ST000255" VPOS="2347" WC="0.45399999618530273" WIDTH="169"/>
<SP HPOS="804" ID="PAG_00000020_SP000227" VPOS="2340" WIDTH="19"/>
<String CONTENT="i" HEIGHT="40" HPOS="824" ID="PAG_00000020_ST000256" VPOS="2340" WC="1" WIDTH="13"/>
<SP HPOS="838" ID="PAG_00000020_SP000228" VPOS="2340" WIDTH="19"/>
<String CONTENT="r’vineuve" HEIGHT="40" HPOS="858" ID="PAG_00000020_ST000257" VPOS="2341" WC="0.78333336114883423" WIDTH="221"/>
<SP HPOS="1080" ID="PAG_00000020_SP000229" VPOS="2351" WIDTH="20"/>
<String CONTENT="et" HEIGHT="39" HPOS="1101" ID="PAG_00000020_ST000258" VPOS="2343" WC="0.5" WIDTH="40"/>
<SP HPOS="1142" ID="PAG_00000020_SP000230" VPOS="2343" WIDTH="24"/>
<String CONTENT="approcheuve" HEIGHT="50" HPOS="1167" ID="PAG_00000020_ST000259" VPOS="2342" WC="1" WIDTH="289"/>
<SP HPOS="1457" ID="PAG_00000020_SP000231" VPOS="2340" WIDTH="35"/>
<String CONTENT="delle" HEIGHT="42" HPOS="1493" ID="PAG_00000020_ST000260" VPOS="2340" WC="0.76200002431869507" WIDTH="111"/>
<SP HPOS="1605" ID="PAG_00000020_SP000232" VPOS="2351" WIDTH="35"/>
<String CONTENT="maugeonne" HEIGHT="41" HPOS="1641" ID="PAG_00000020_ST000261" VPOS="2349" WC="1" WIDTH="262"/>
<SP HPOS="1904" ID="PAG_00000020_SP000233" VPOS="2349" WIDTH="18"/>
<String CONTENT="," HEIGHT="17" HPOS="1923" ID="PAG_00000020_ST000262" VPOS="2370" WC="1" WIDTH="10"/>
<SP HPOS="1934" ID="PAG_00000020_SP000234" VPOS="2339" WIDTH="33"/>
<String CONTENT="il" HEIGHT="38" HPOS="1968" ID="PAG_00000020_ST000263" VPOS="2339" WC="0.68000000715255737" WIDTH="30"/>
</TextLine>
<TextLine HEIGHT="51" HPOS="636" ID="PAG_00000020_TL000030" VPOS="2404" WIDTH="1206">
<String CONTENT="étaind" HEIGHT="41" HPOS="636" ID="PAG_00000020_ST000264" VPOS="2404" WC="0.5533333420753479" WIDTH="147"/>
<SP HPOS="784" ID="PAG_00000020_SP000235" VPOS="2405" WIDTH="19"/>
<String CONTENT="qu’on" HEIGHT="49" HPOS="804" ID="PAG_00000020_ST000265" VPOS="2405" WC="0.68199998140335083" WIDTH="129"/>
<SP HPOS="934" ID="PAG_00000020_SP000236" VPOS="2407" WIDTH="20"/>
<String CONTENT="tchantoit" HEIGHT="40" HPOS="955" ID="PAG_00000020_ST000266" VPOS="2405" WC="0.53666669130325317" WIDTH="206"/>
<SP HPOS="1162" ID="PAG_00000020_SP000237" VPOS="2407" WIDTH="18"/>
<String CONTENT="et" HEIGHT="37" HPOS="1181" ID="PAG_00000020_ST000267" VPOS="2408" WC="0.51499998569488525" WIDTH="42"/>
<SP HPOS="1224" ID="PAG_00000020_SP000238" VPOS="2408" WIDTH="14"/>
<String CONTENT="qu’on" HEIGHT="50" HPOS="1239" ID="PAG_00000020_ST000268" VPOS="2405" WC="0.69800001382827759" WIDTH="130"/>
<SP HPOS="1370" ID="PAG_00000020_SP000239" VPOS="2404" WIDTH="22"/>
<String CONTENT="fioit" HEIGHT="41" HPOS="1393" ID="PAG_00000020_ST000269" VPOS="2404" WC="1" WIDTH="84"/>
<SP HPOS="1478" ID="PAG_00000020_SP000240" VPOS="2405" WIDTH="22"/>
<String CONTENT="delle" HEIGHT="40" HPOS="1501" ID="PAG_00000020_ST000270" VPOS="2405" WC="0.38400000333786011" WIDTH="109"/>
<SP HPOS="1611" ID="PAG_00000020_SP000241" VPOS="2414" WIDTH="20"/>
<String CONTENT="musique." HEIGHT="50" HPOS="1632" ID="PAG_00000020_ST000271" VPOS="2404" WC="0.58249998092651367" WIDTH="210"/>
</TextLine>
<TextLine HEIGHT="52" HPOS="684" ID="PAG_00000020_TL000031" VPOS="2466" WIDTH="1315">
<String CONTENT="26." HEIGHT="39" HPOS="684" ID="PAG_00000020_ST000272" VPOS="2467" WC="0.51999998092651367" WIDTH="67"/>
<SP HPOS="752" ID="PAG_00000020_SP000242" VPOS="2467" WIDTH="31"/>
<String CONTENT="Et" HEIGHT="39" HPOS="784" ID="PAG_00000020_ST000273" VPOS="2467" WC="1" WIDTH="49"/>
<SP HPOS="834" ID="PAG_00000020_SP000243" VPOS="2466" WIDTH="18"/>
<String CONTENT="il" HEIGHT="39" HPOS="853" ID="PAG_00000020_ST000274" VPOS="2466" WC="0.79500001668930054" WIDTH="29"/>
<SP HPOS="883" ID="PAG_00000020_SP000244" VPOS="2467" WIDTH="21"/>
<String CONTENT="appelle" HEIGHT="49" HPOS="905" ID="PAG_00000020_ST000275" VPOS="2468" WC="0.78714287281036377" WIDTH="166"/>
<SP HPOS="1072" ID="PAG_00000020_SP000245" VPOS="2477" WIDTH="25"/>
<String CONTENT="onque" HEIGHT="41" HPOS="1098" ID="PAG_00000020_ST000276" VPOS="2477" WC="0.61599999666213989" WIDTH="143"/>
<SP HPOS="1242" ID="PAG_00000020_SP000246" VPOS="2468" WIDTH="30"/>
<String CONTENT="des" HEIGHT="40" HPOS="1273" ID="PAG_00000020_ST000277" VPOS="2468" WC="0.69999998807907104" WIDTH="74"/>
<SP HPOS="1348" ID="PAG_00000020_SP000247" VPOS="2478" WIDTH="29"/>
<String CONTENT="vaurlets" HEIGHT="41" HPOS="1378" ID="PAG_00000020_ST000278" VPOS="2468" WC="0.84874999523162842" WIDTH="190"/>
<SP HPOS="1569" ID="PAG_00000020_SP000248" VPOS="2477" WIDTH="31"/>
<String CONTENT="et" HEIGHT="38" HPOS="1601" ID="PAG_00000020_ST000279" VPOS="2470" WC="0.61000001430511475" WIDTH="41"/>
<SP HPOS="1643" ID="PAG_00000020_SP000249" VPOS="2468" WIDTH="30"/>
<String CONTENT="li" HEIGHT="38" HPOS="1674" ID="PAG_00000020_ST000280" VPOS="2468" WC="0.87999999523162842" WIDTH="30"/>
<SP HPOS="1705" ID="PAG_00000020_SP000250" VPOS="2467" WIDTH="28"/>
<String CONTENT="d’mande" HEIGHT="41" HPOS="1734" ID="PAG_00000020_ST000281" VPOS="2466" WC="0.86142855882644653" WIDTH="197"/>
<SP HPOS="1932" ID="PAG_00000020_SP000251" VPOS="2475" WIDTH="29"/>
<String CONTENT="ci" HEIGHT="40" HPOS="1962" ID="PAG_00000020_ST000282" VPOS="2466" WC="0.66500002145767212" WIDTH="37"/>
</TextLine>
<TextLine HEIGHT="50" HPOS="638" ID="PAG_00000020_TL000032" VPOS="2529" WIDTH="406">
<String CONTENT="qui" HEIGHT="50" HPOS="638" ID="PAG_00000020_ST000283" VPOS="2529" WC="0.46000000834465027" WIDTH="72"/>
<SP HPOS="711" ID="PAG_00000020_SP000252" VPOS="2529" WIDTH="21"/>
<String CONTENT="ça" HEIGHT="39" HPOS="733" ID="PAG_00000020_ST000284" VPOS="2538" WC="0.51999998092651367" WIDTH="50"/>
<SP HPOS="784" ID="PAG_00000020_SP000253" VPOS="2538" WIDTH="15"/>
<String CONTENT="v’ioit" HEIGHT="41" HPOS="800" ID="PAG_00000020_ST000285" VPOS="2529" WC="0.8216666579246521" WIDTH="120"/>
<SP HPOS="921" ID="PAG_00000020_SP000254" VPOS="2529" WIDTH="17"/>
<String CONTENT="dire." HEIGHT="41" HPOS="939" ID="PAG_00000020_ST000286" VPOS="2529" WC="0.6940000057220459" WIDTH="105"/>
</TextLine>
<TextLine HEIGHT="53" HPOS="689" ID="PAG_00000020_TL000033" VPOS="2591" WIDTH="1311">
<String CONTENT="27." HEIGHT="39" HPOS="689" ID="PAG_00000020_ST000287" VPOS="2594" WC="0.51666665077209473" WIDTH="66"/>
<SP HPOS="756" ID="PAG_00000020_SP000255" VPOS="2594" WIDTH="31"/>
<String CONTENT="Citici" HEIGHT="41" HPOS="788" ID="PAG_00000020_ST000288" VPOS="2593" WC="0.79000002145767212" WIDTH="118"/>
<SP HPOS="907" ID="PAG_00000020_SP000256" VPOS="2593" WIDTH="19"/>
<String CONTENT="li" HEIGHT="38" HPOS="927" ID="PAG_00000020_ST000289" VPOS="2594" WC="0.75" WIDTH="28"/>
<SP HPOS="956" ID="PAG_00000020_SP000257" VPOS="2594" WIDTH="20"/>
<String CONTENT="dit:" HEIGHT="40" HPOS="977" ID="PAG_00000020_ST000290" VPOS="2594" WC="0.73750001192092896" WIDTH="85"/>
<SP HPOS="1063" ID="PAG_00000020_SP000258" VPOS="2595" WIDTH="21"/>
<String CONTENT="Vosse" HEIGHT="40" HPOS="1085" ID="PAG_00000020_ST000291" VPOS="2595" WC="0.60000002384185791" WIDTH="132"/>
<SP HPOS="1218" ID="PAG_00000020_SP000259" VPOS="2595" WIDTH="18"/>
<String CONTENT="frère" HEIGHT="43" HPOS="1237" ID="PAG_00000020_ST000292" VPOS="2593" WC="0.52999997138977051" WIDTH="111"/>
<SP HPOS="1349" ID="PAG_00000020_SP000260" VPOS="2605" WIDTH="20"/>
<String CONTENT="est" HEIGHT="38" HPOS="1370" ID="PAG_00000020_ST000293" VPOS="2597" WC="0.74333333969116211" WIDTH="64"/>
<SP HPOS="1435" ID="PAG_00000020_SP000261" VPOS="2597" WIDTH="17"/>
<String CONTENT="r’vinu" HEIGHT="41" HPOS="1453" ID="PAG_00000020_ST000294" VPOS="2594" WC="0.69166666269302368" WIDTH="141"/>
<SP HPOS="1595" ID="PAG_00000020_SP000262" VPOS="2604" WIDTH="20"/>
<String CONTENT="et" HEIGHT="39" HPOS="1616" ID="PAG_00000020_ST000295" VPOS="2595" WC="0.4699999988079071" WIDTH="40"/>
<SP HPOS="1657" ID="PAG_00000020_SP000263" VPOS="2595" WIDTH="28"/>
<String CONTENT="vosse" HEIGHT="31" HPOS="1686" ID="PAG_00000020_ST000296" VPOS="2603" WC="0.80000001192092896" WIDTH="127"/>
<SP HPOS="1814" ID="PAG_00000020_SP000264" VPOS="2603" WIDTH="30"/>
<String CONTENT="père" HEIGHT="53" HPOS="1845" ID="PAG_00000020_ST000297" VPOS="2591" WC="0.76749998331069946" WIDTH="99"/>
<SP HPOS="1945" ID="PAG_00000020_SP000265" VPOS="2601" WIDTH="32"/>
<String CONTENT="a" HEIGHT="30" HPOS="1978" ID="PAG_00000020_ST000298" VPOS="2601" WC="1" WIDTH="22"/>
</TextLine>
<TextLine HEIGHT="53" HPOS="638" ID="PAG_00000020_TL000034" VPOS="2656" WIDTH="1211">
<String CONTENT="loué" HEIGHT="41" HPOS="638" ID="PAG_00000020_ST000299" VPOS="2656" WC="0.62749999761581421" WIDTH="102"/>
<SP HPOS="741" ID="PAG_00000020_SP000266" VPOS="2656" WIDTH="20"/>
<String CONTENT="l’crau" HEIGHT="39" HPOS="762" ID="PAG_00000020_ST000300" VPOS="2657" WC="0.83499997854232788" WIDTH="134"/>
<SP HPOS="897" ID="PAG_00000020_SP000267" VPOS="2668" WIDTH="17"/>
<String CONTENT="via" HEIGHT="39" HPOS="915" ID="PAG_00000020_ST000301" VPOS="2658" WC="0.82333332300186157" WIDTH="69"/>
<SP HPOS="985" ID="PAG_00000020_SP000268" VPOS="2667" WIDTH="23"/>
<String CONTENT="pusqui" HEIGHT="51" HPOS="1009" ID="PAG_00000020_ST000302" VPOS="2658" WC="0.82499998807907104" WIDTH="154"/>
<SP HPOS="1164" ID="PAG_00000020_SP000269" VPOS="2658" WIDTH="21"/>
<String CONTENT="il" HEIGHT="39" HPOS="1186" ID="PAG_00000020_ST000303" VPOS="2659" WC="1" WIDTH="28"/>
<SP HPOS="1215" ID="PAG_00000020_SP000270" VPOS="2659" WIDTH="19"/>
<String CONTENT="l’a" HEIGHT="38" HPOS="1235" ID="PAG_00000020_ST000304" VPOS="2659" WC="0.77666664123535156" WIDTH="53"/>
<SP HPOS="1289" ID="PAG_00000020_SP000271" VPOS="2668" WIDTH="18"/>
<String CONTENT="r'trové" HEIGHT="42" HPOS="1308" ID="PAG_00000020_ST000305" VPOS="2657" WC="1" WIDTH="153"/>
<SP HPOS="1462" ID="PAG_00000020_SP000272" VPOS="2657" WIDTH="22"/>
<String CONTENT="bain" HEIGHT="39" HPOS="1485" ID="PAG_00000020_ST000306" VPOS="2658" WC="0.64999997615814209" WIDTH="99"/>
<SP HPOS="1585" ID="PAG_00000020_SP000273" VPOS="2668" WIDTH="21"/>
<String CONTENT="pouartant." HEIGHT="51" HPOS="1607" ID="PAG_00000020_ST000307" VPOS="2658" WC="0.60799998044967651" WIDTH="242"/>
</TextLine>
<TextLine HEIGHT="55" HPOS="685" ID="PAG_00000020_TL000035" VPOS="2717" WIDTH="1316">
<String CONTENT="28." HEIGHT="39" HPOS="685" ID="PAG_00000020_ST000308" VPOS="2723" WC="0.32666665315628052" WIDTH="68"/>
<SP HPOS="754" ID="PAG_00000020_SP000274" VPOS="2723" WIDTH="35"/>
<String CONTENT="Mais" HEIGHT="40" HPOS="790" ID="PAG_00000020_ST000309" VPOS="2722" WC="0.5975000262260437" WIDTH="103"/>
<SP HPOS="894" ID="PAG_00000020_SP000275" VPOS="2732" WIDTH="19"/>
<String CONTENT="ç’tici" HEIGHT="48" HPOS="914" ID="PAG_00000020_ST000310" VPOS="2722" WC="0.86000001430511475" WIDTH="108"/>
<SP HPOS="1023" ID="PAG_00000020_SP000276" VPOS="2722" WIDTH="23"/>
<String CONTENT="à" HEIGHT="39" HPOS="1047" ID="PAG_00000020_ST000311" VPOS="2723" WC="0.72000002861022949" WIDTH="21"/>
<SP HPOS="1069" ID="PAG_00000020_SP000277" VPOS="2723" WIDTH="18"/>
<String CONTENT="s’ti" HEIGHT="41" HPOS="1088" ID="PAG_00000020_ST000312" VPOS="2722" WC="0.75999999046325684" WIDTH="66"/>
<SP HPOS="1155" ID="PAG_00000020_SP000278" VPOS="2723" WIDTH="19"/>
<String CONTENT="mouai," HEIGHT="49" HPOS="1175" ID="PAG_00000020_ST000313" VPOS="2723" WC="0.5" WIDTH="160"/>
<SP HPOS="1336" ID="PAG_00000020_SP000279" VPOS="2723" WIDTH="22"/>
<String CONTENT="i" HEIGHT="38" HPOS="1359" ID="PAG_00000020_ST000314" VPOS="2723" WC="1" WIDTH="12"/>
<SP HPOS="1372" ID="PAG_00000020_SP000280" VPOS="2723" WIDTH="18"/>
<String CONTENT="n’voloil" HEIGHT="40" HPOS="1391" ID="PAG_00000020_ST000315" VPOS="2722" WC="0.83749997615814209" WIDTH="174"/>
<SP HPOS="1566" ID="PAG_00000020_SP000281" VPOS="2725" WIDTH="20"/>
<String CONTENT="nain" HEIGHT="40" HPOS="1587" ID="PAG_00000020_ST000316" VPOS="2721" WC="0.49000000953674316" WIDTH="100"/>
<SP HPOS="1688" ID="PAG_00000020_SP000282" VPOS="2731" WIDTH="10"/>
<String CONTENT="raintré," HEIGHT="51" HPOS="1699" ID="PAG_00000020_ST000317" VPOS="2718" WC="0.64625000953674316" WIDTH="176"/>
<SP HPOS="1876" ID="PAG_00000020_SP000283" VPOS="2729" WIDTH="14"/>
<String CONTENT="adon" HEIGHT="42" HPOS="1891" ID="PAG_00000020_ST000318" VPOS="2717" WC="0.48249998688697815" WIDTH="110"/>
</TextLine>
<TextLine HEIGHT="53" HPOS="630" ID="PAG_00000020_TL000036" VPOS="2784" WIDTH="1161">
<String CONTENT="s’pére" HEIGHT="52" HPOS="630" ID="PAG_00000020_ST000319" VPOS="2785" WC="0.70666664838790894" WIDTH="141"/>
<SP HPOS="772" ID="PAG_00000020_SP000284" VPOS="2796" WIDTH="18"/>
<String CONTENT="estant" HEIGHT="38" HPOS="791" ID="PAG_00000020_ST000320" VPOS="2789" WC="0.65333330631256104" WIDTH="141"/>
<SP HPOS="933" ID="PAG_00000020_SP000285" VPOS="2789" WIDTH="19"/>
<String CONTENT="rechu," HEIGHT="48" HPOS="953" ID="PAG_00000020_ST000321" VPOS="2787" WC="0.67166668176651001" WIDTH="155"/>
<SP HPOS="1109" ID="PAG_00000020_SP000286" VPOS="2796" WIDTH="22"/>
<String CONTENT="a" HEIGHT="30" HPOS="1132" ID="PAG_00000020_ST000322" VPOS="2796" WC="0.55000001192092896" WIDTH="23"/>
<SP HPOS="1156" ID="PAG_00000020_SP000287" VPOS="2796" WIDTH="19"/>
<String CONTENT="commainci" HEIGHT="42" HPOS="1176" ID="PAG_00000020_ST000323" VPOS="2786" WC="0.79222220182418823" WIDTH="257"/>
<SP HPOS="1434" ID="PAG_00000020_SP000288" VPOS="2786" WIDTH="19"/>
<String CONTENT="à" HEIGHT="39" HPOS="1454" ID="PAG_00000020_ST000324" VPOS="2786" WC="0.67000001668930054" WIDTH="23"/>
<SP HPOS="1478" ID="PAG_00000020_SP000289" VPOS="2786" WIDTH="19"/>
<String CONTENT="feu" HEIGHT="41" HPOS="1498" ID="PAG_00000020_ST000325" VPOS="2786" WC="0.85000002384185791" WIDTH="82"/>
<SP HPOS="1581" ID="PAG_00000020_SP000290" VPOS="2795" WIDTH="22"/>
<String CONTENT="es" HEIGHT="31" HPOS="1604" ID="PAG_00000020_ST000326" VPOS="2795" WC="0.92500001192092896" WIDTH="46"/>
<SP HPOS="1651" ID="PAG_00000020_SP000291" VPOS="2796" WIDTH="18"/>
<String CONTENT="prihi." HEIGHT="52" HPOS="1670" ID="PAG_00000020_ST000327" VPOS="2784" WC="1" WIDTH="121"/>
</TextLine>
<TextLine HEIGHT="55" HPOS="678" ID="PAG_00000020_TL000037" VPOS="2847" WIDTH="1321">
<String CONTENT="29." HEIGHT="40" HPOS="678" ID="PAG_00000020_ST000328" VPOS="2851" WC="0.54000002145767212" WIDTH="66"/>
<SP HPOS="745" ID="PAG_00000020_SP000292" VPOS="2852" WIDTH="31"/>
<String CONTENT="Mais" HEIGHT="41" HPOS="777" ID="PAG_00000020_ST000329" VPOS="2851" WC="0.86000001430511475" WIDTH="103"/>
<SP HPOS="881" ID="PAG_00000020_SP000293" VPOS="2862" WIDTH="19"/>
<String CONTENT="ç’tici" HEIGHT="48" HPOS="901" ID="PAG_00000020_ST000330" VPOS="2852" WC="0.67666667699813843" WIDTH="109"/>
<SP HPOS="1011" ID="PAG_00000020_SP000294" VPOS="2852" WIDTH="14"/>
<String CONTENT="respondant" HEIGHT="51" HPOS="1026" ID="PAG_00000020_ST000331" VPOS="2851" WC="0.76899999380111694" WIDTH="265"/>
<SP HPOS="1292" ID="PAG_00000020_SP000295" VPOS="2851" WIDTH="14"/>
<String CONTENT="dit" HEIGHT="45" HPOS="1307" ID="PAG_00000020_ST000332" VPOS="2851" WC="0.95666664838790894" WIDTH="61"/>
<SP HPOS="1369" ID="PAG_00000020_SP000296" VPOS="2851" WIDTH="19"/>
<String CONTENT="à" HEIGHT="39" HPOS="1389" ID="PAG_00000020_ST000333" VPOS="2851" WC="0.34999999403953552" WIDTH="23"/>
<SP HPOS="1413" ID="PAG_00000020_SP000297" VPOS="2851" WIDTH="16"/>
<String CONTENT="s’pére" HEIGHT="52" HPOS="1430" ID="PAG_00000020_ST000334" VPOS="2849" WC="0.58166664838790894" WIDTH="137"/>
<SP HPOS="1568" ID="PAG_00000020_SP000298" VPOS="2860" WIDTH="13"/>
<String CONTENT=":" HEIGHT="28" HPOS="1582" ID="PAG_00000020_ST000335" VPOS="2861" WC="0.46000000834465027" WIDTH="7"/>
<SP HPOS="1590" ID="PAG_00000020_SP000299" VPOS="2849" WIDTH="19"/>
<String CONTENT="Vola" HEIGHT="40" HPOS="1610" ID="PAG_00000020_ST000336" VPOS="2849" WC="0.75" WIDTH="101"/>
<SP HPOS="1712" ID="PAG_00000020_SP000300" VPOS="2849" WIDTH="14"/>
<String CONTENT="d’dja" HEIGHT="51" HPOS="1727" ID="PAG_00000020_ST000337" VPOS="2847" WC="1" WIDTH="111"/>
<SP HPOS="1839" ID="PAG_00000020_SP000301" VPOS="2857" WIDTH="13"/>
<String CONTENT="ostant" HEIGHT="40" HPOS="1853" ID="PAG_00000020_ST000338" VPOS="2847" WC="0.62666666507720947" WIDTH="146"/>
</TextLine>
</TextBlock>
</PrintSpace>
</Page>
</Layout>
</alto>
