2403 3770
1176 565 53 7 —
1258 544 51 39 76
1338 566 52 5 —

658 662 65 40 29.
756 660 87 43 Més
864 661 38 42 el
924 671 52 31 en
999 661 269 51 respounden
1304 660 143 51 diguec
1472 659 22 40 à
1516 670 108 30 soun
1648 659 117 52 paire
1788 670 7 31 :
1818 660 136 40 Garax

609 726 114 52 aqui,
745 737 83 39 que
841 726 13 40 i
874 736 23 29 a
918 727 90 40 tant
1028 725 234 41 d’annados
1282 735 82 41 que
1384 725 108 40 bous
1513 724 188 50 serbissi,
1719 734 82 40 que
1818 723 137 52 james

608 790 54 42 né
697 793 192 48 nanquat
921 790 211 41 d'executa
1170 789 155 41 bostris
1356 789 147 41 ordres
1536 787 23 43 é
1591 799 82 40 que
1702 788 137 51 james
1869 798 86 30 nou

609 855 164 42 m’abex
805 855 162 41 dounat
999 865 58 30 un
1097 854 134 42 crabit
1270 864 75 42 per
1385 864 66 31 me
1490 854 144 50 regala
1672 853 122 42 ambe
1833 864 124 31 mous

609 919 128 42 amix.

661 985 64 39 30.
757 982 154 41 Tandis
932 983 204 50 qu’aprex
1156 982 197 51 qu’aquel
1374 982 143 40 bostre
1550 980 57 42 fill
1631 981 97 50 qu’a
1750 980 208 42 debourat

610 1058 111 31 soun
738 1047 52 41 be
812 1047 121 41 ambe
947 1047 51 41 de
1018 1046 297 42 debaucbados
1329 1057 45 31 es
1394 1046 169 51 bengut,
1594 1045 104 41 abex
1721 1048 89 38 tuat
1830 1055 74 41 per
1919 1046 38 40 el

611 1122 58 29 un
690 1110 121 42 bedel
832 1120 111 41 gras.

662 1176 65 39 31.
759 1175 86 39 Mes
877 1175 34 40 el
937 1174 11 39 i
969 1173 152 52 diguec
1141 1184 7 29 :
1175 1174 125 39 Moun
1334 1173 56 40 fill
1426 1175 40 38 tu
1499 1183 45 31 es
1579 1174 90 39 tout
1696 1172 107 51 joun
1838 1171 121 42 ambe

606 1238 76 51 jou
706 1250 9 37 ;
738 1237 23 42 é
781 1239 92 40 tout
897 1248 40 38 ço
962 1239 119 49 qu’es
1102 1236 115 41 miou
1238 1247 46 31 es
1304 1237 104 40 tiou.

661 1302 64 38 32.
758 1301 85 41 Més
863 1301 51 41 be
942 1302 108 40 calio
1072 1311 46 31 se
1147 1301 143 49 regala
1320 1299 22 41 é
1364 1310 44 30 se
1434 1299 136 51 rejoui
1604 1298 74 42 dés
1711 1299 248 50 qu’aqueste

609 1367 88 40 tiou
721 1366 128 41 fraire
870 1365 73 42 éro
965 1368 111 39 mort
1095 1365 23 42 é
1137 1366 119 50 qu’es
1276 1365 246 41 ressussitat
1539 1376 8 36 ;
1571 1374 83 41 que
1676 1364 109 40 s’ero
1809 1362 150 52 perdut

614 1429 22 41 é
658 1440 82 41 que
761 1430 81 41 s’es
861 1428 183 42 troubat.

613 1604 219 33 Traduction
851 1605 45 32 de
914 1605 35 32 la
965 1605 174 32 Parabole
1156 1605 44 32 de
1217 1605 151 32 l’Enfant
1385 1604 190 41 Prodigue,
1594 1612 45 24 en
1662 1603 118 42 patois
1798 1603 45 32 de
1861 1602 101 33 Saint

900 1656 141 43 Girons,
1058 1657 251 42 département
1325 1657 45 32 de
1387 1656 161 42 l’Ariége.
1567 1657 53 40 (m.
1638 1655 40 40 i.)

668 1750 64 38 11.
763 1749 62 40 Un
846 1749 127 41 home
995 1749 106 40 aüec
1118 1749 80 40 dus
1219 1748 96 41 hils.

666 1814 66 40 12.
763 1815 46 38 El
841 1813 89 42 més
962 1813 124 52 joués
1117 1813 213 51 d’aquéris
1358 1813 115 41 disec
1506 1813 22 40 à
1564 1823 76 31 sou
1661 1822 78 42 pay
1765 1823 7 29 :
1796 1813 137 50 Papay
1951 1813 8 38 !

617 1876 140 41 baillai
780 1876 129 42 m’éra
931 1877 199 51 pourtiou
1153 1877 51 41 de
1222 1877 50 41 be
1292 1887 83 41 que
1397 1877 176 41 m’atoco
1594 1878 40 39 et
1654 1886 77 30 sou
1755 1885 76 42 pay
1848 1876 53 50 l’y
1917 1885 48 31 ac

616 1941 166 42 baillée.

670 2007 64 39 13.
764 2006 50 40 Et
828 2016 78 41 poc
925 2006 52 41 de
997 2006 92 41 dios
1104 2006 184 47 ensuite,
1304 2007 161 50 aquech
1486 2005 88 41 hilh
1595 2004 90 42 més
1701 2003 125 53 joués
1842 2003 122 52 après

617 2069 81 40 aüe
718 2071 92 38 tout
842 2070 173 50 plegach
1036 2080 45 30 se
1103 2072 152 39 mettec
1272 2081 52 30 en
1348 2070 198 50 bouïatge
1576 2080 73 40 per
1684 2079 55 29 un
1774 2068 89 51 païs
1883 2067 83 41 fort

616 2134 142 50 louen,
784 2136 42 39 et
856 2134 98 51 aqui
986 2134 184 52 dissipée
1189 2137 91 40 tout
1301 2145 77 31 sou
1400 2135 65 50 be,
1500 2144 53 31 en
1574 2134 129 40 biuen
1739 2131 221 43 luxuriou-

617 2201 175 40 sement.

670 2266 64 38 14.
766 2265 50 40 Et
844 2267 134 48 quant
1010 2265 105 40 aüec
1149 2267 93 38 tout
1267 2266 286 50 despensach,
1589 2263 164 40 arrivée
1781 2262 41 40 io
1854 2262 110 40 forto

617 2329 159 40 famino
798 2339 53 31 en
873 2330 162 51 aquech
1066 2340 116 42 pays,
1206 2332 41 39 et
1268 2330 91 41 eich
1378 2339 256 32 coumensec
1662 2328 51 41 de
1734 2337 150 31 manca
1913 2327 52 42 de

622 2392 253 43 nourrituro.

671 2462 63 39 15.
767 2461 49 40 Et
835 2460 89 41 s’en
947 2470 105 32 anec
1071 2462 39 39 et
1141 2471 45 31 se
1217 2462 184 52 louguec
1422 2461 21 40 à
1466 2472 56 29 un
1545 2461 74 41 des
1650 2459 195 41 habitans
1877 2459 81 42 d'a-

615 2526 136 51 quech
771 2536 101 42 pays
890 2537 8 38 ;
915 2527 42 41 et
977 2526 174 51 aquestè
1171 2527 317 53 l’enbouyecen
1510 2526 189 42 iobordo
1719 2525 245 52 perguarda

615 2600 46 30 es
681 2600 138 41 porcs.

667 2654 64 40 16.
763 2654 50 40 Et
841 2653 228 41 déziraouo
1101 2654 51 41 de
1173 2654 150 52 rempli
1357 2665 78 30 son
1458 2654 138 48 bente,
1629 2653 51 42 de
1700 2655 116 39 tecos
1844 2653 119 50 qu’ez

615 2729 124 41 porcs
759 2718 275 51 mingeaüon,
1059 2718 89 42 més
1168 2720 126 51 digue
1315 2732 87 29 nou
1422 2720 85 53 l’yn
1529 2720 125 40 daüo.

666 2786 63 38 17.
763 2784 55 40 Or
837 2784 200 40 rentrach
1058 2794 53 30 en
1136 2794 75 42 soy
1231 2785 114 41 disec
1368 2797 7 28 :
1402 2785 138 46 Qüant
1559 2784 51 40 de
1630 2783 168 41 baillets
1817 2793 25 40 y
1864 2791 20 29 a
1908 2791 52 30 en

615 2857 20 30 a
658 2847 165 41 maison
845 2847 51 41 de
920 2857 100 31 mou
1042 2857 79 44 pay
1142 2848 302 51 qu’aboundon
1466 2848 50 41 de
1537 2858 52 41 pa
1618 2849 41 40 et
1675 2845 73 52 jou
1773 2846 62 40 aci
1856 2844 107 41 mori

613 2911 51 41 de
685 2912 124 41 hame
832 2912 9 38 !
