2453 3809
1186 473 52 7 —
1271 452 76 40 150
1375 475 53 6 —

625 567 222 34 Traduction
861 568 45 33 de
917 569 36 33 la
968 568 175 35 Parabole
1162 570 45 34 de
1222 571 368 44 l’Enfant-Prodigue,
1608 582 46 24 en
1666 573 156 34 dialecte
1833 574 44 33 de
1896 575 74 33 Mar­

938 622 114 41 seille,
1072 622 254 43 département
1343 624 50 33 du
1409 625 140 33 Rhône.
1569 626 48 41 (M.
1638 626 44 40 I.)

678 726 65 39 11.
762 725 63 40 Un
847 726 128 40 homo
999 725 93 42 avié
1112 726 110 42 dous
1247 726 157 42 enfans.

676 789 65 39 12.
763 789 86 40 Lou
882 790 96 50 plus
1006 790 150 50 jouiné
1187 790 146 51 diguet
1353 791 23 40 à
1397 802 111 30 soun
1539 791 104 52 pèro
1666 803 9 30 :
1700 793 126 40 Moun
1865 792 119 52 pèro,

623 852 126 41 Moun
771 851 104 53 pèro
892 853 143 40 douna
1058 853 56 41 mi
1133 864 47 30 ce
1201 864 83 41 que
1304 854 111 42 deou
1439 865 66 31 me
1525 855 173 42 revenir
1715 856 52 41 de
1781 859 206 39 vouestre

622 914 98 50 ben,
743 917 39 40 et
803 916 72 40 lou
897 916 103 51 pèro
1020 916 144 51 faguet
1183 918 73 40 lou
1280 918 163 51 partagi
1464 918 52 41 de
1537 928 111 31 soun
1670 918 98 42 ben.

674 979 64 38 13.
762 978 247 51 Quauqueis
1036 977 123 52 jours
1192 978 125 52 après
1347 981 72 40 lou
1440 981 96 50 plus
1564 980 154 51 jouïné
1749 981 91 41 deis
1876 981 110 41 dous

621 1040 154 41 enfans
805 1050 139 42 aguen
977 1044 188 39 amassai
1186 1044 91 39 tout
1298 1053 46 31 ce
1366 1043 167 50 qu’avie
1561 1044 90 41 s’en
1674 1046 98 39 anet
1805 1044 97 41 dins
1923 1055 58 29 un

621 1113 104 43 pays
756 1105 239 51 estrangier
1022 1105 145 42 fuesso
1200 1106 116 42 luen.
1341 1105 166 43 Doûnlé
1536 1107 178 52 dissipet
1747 1110 94 39 tout
1873 1118 111 31 soun

620 1168 84 41 ben
726 1179 52 31 en
801 1180 118 31 esses
946 1172 42 39 et
1009 1180 52 31 en
1084 1170 260 42 debauchos.

674 1234 64 39 14.
761 1234 50 39 Et
830 1234 144 50 quand
993 1236 126 48 aguet
1138 1234 344 52 toutdespensat,
1507 1237 188 49 venguet
1718 1245 86 31 uno
1820 1236 165 50 grando

619 1298 161 42 famino
800 1298 98 41 dins
916 1309 167 41 aqueou
1101 1309 102 41 pays
1223 1300 41 39 et
1285 1302 280 38 acoumencet
1581 1298 22 41 à
1625 1299 166 40 mourir
1808 1299 52 41 de
1879 1299 101 41 fam.

673 1363 63 39 15.
761 1363 95 40 S’en
890 1365 98 39 anet
1018 1363 143 40 donne
1181 1364 41 40 et
1241 1373 46 31 se
1309 1365 148 39 mettet
1476 1373 53 31 en
1561 1363 152 41 servici
1737 1372 113 42 aquo
1877 1362 102 41 d’un

619 1426 92 42 deis
742 1426 200 42 habitans
961 1426 112 42 daou
1096 1437 116 42 pays.
1247 1426 216 52 Aquestou
1485 1427 74 40 lou
1583 1427 171 41 mandet
1777 1426 22 40 à
1821 1436 46 31 sa
1891 1427 87 41 bas-

622 1492 86 42 tido
733 1503 73 41 per
825 1493 155 51 gardar
1000 1493 78 41 leis
1097 1502 198 42 pouercs.

674 1557 64 40 16.
761 1557 50 40 Et
843 1556 144 51 aquito
1019 1555 121 42 aurié
1160 1558 108 39 estai
1288 1556 82 41 ben
1403 1557 188 40 counten
1613 1556 52 41 de
1697 1555 190 51 s’emplir
1914 1556 69 40 lou

621 1624 151 39 ventre
801 1621 91 42 deis
922 1621 148 51 gruios
1099 1632 84 40 que
1217 1630 300 43 mangeavoun
1547 1621 81 41 leis
1659 1630 198 42 pouercs,
1891 1631 95 41 may

621 1686 143 52 degun
787 1687 44 40 ni
852 1687 99 41 n’en
972 1686 216 41 dounavo.

674 1753 64 39 17.
762 1751 126 41 Enfin
906 1751 97 41 istet
1022 1760 191 41 revengu
1236 1760 54 31 en
1312 1760 81 31 eou
1416 1750 35 40 si
1473 1750 168 50 diguet:
1658 1749 141 46 Quant
1818 1749 55 52 l’y
1896 1759 22 30 a
1934 1750 50 41 de

620 1818 159 41 varlets
809 1827 54 31 en
884 1816 119 51 gagis
1020 1816 53 41 de
1100 1825 133 31 moun
1254 1814 102 52 pèro
1386 1825 85 40 que
1501 1825 53 30 an
1579 1824 95 42 may
1706 1813 52 42 de
1779 1823 83 42 pan
1898 1825 85 40 que

622 1890 119 32 noun
776 1881 56 51 l’y
864 1890 85 31 nen
982 1879 98 41 faou
1105 1891 9 37 ;
1148 1881 42 39 et
1221 1888 109 42 yeou
1362 1878 121 42 sieou
1525 1877 78 41 eici
1650 1877 22 40 à
1718 1876 167 42 mourir
1932 1878 51 40 de

620 1946 85 40 fam
730 1948 7 36 !

673 2010 65 40 18.
762 2011 114 39 Faou
899 2018 85 42 que
1003 2007 56 41 mi
1081 2007 98 49 levi,
1204 2009 41 39 et
1264 2016 84 41 que
1366 2005 128 52 vagui
1517 2005 175 41 troubar
1714 2014 132 31 moun
1880 2005 103 51 pèro

621 2075 18 42 é
663 2076 30 40 li
713 2074 110 42 dirai
846 2085 8 30 :
880 2083 132 31 moun
1045 2072 102 52 pèro
1170 2071 38 41 ai
1231 2072 145 51 peccat
1400 2072 140 40 contro
1567 2070 71 41 lou
1658 2069 79 42 ciel
1759 2072 42 39 et
1832 2072 150 39 contro

618 2151 125 32 vous.

672 2208 65 40 19.
761 2207 124 39 Noun
897 2203 121 43 siéou
1034 2213 76 42 pas
1121 2202 128 52 digné
1263 2202 154 41 d’estre
1431 2200 185 52 appellat
1629 2200 202 41 vouestre
1845 2199 112 43 fiéou
1972 2212 8 36 ;

617 2272 149 40 traitas
781 2269 57 41 mi
854 2278 155 32 coumo
1031 2279 58 30 un
1105 2268 52 41 de
1172 2266 240 44 vouestreis
1428 2266 160 41 varlets
1603 2263 175 53 qu’avés
1795 2274 21 31 a
1836 2274 142 34 voues-

618 2336 78 41 tris
717 2335 134 52 gagis.

668 2402 65 39 20.
758 2400 42 41 Si
831 2398 112 43 lévet
973 2399 112 42 donc
1116 2400 41 40 et
1188 2399 190 50 venguet
1410 2396 177 42 troubar
1626 2404 111 31 soun
1772 2393 104 52 pèro
1894 2404 10 37 ;
1944 2394 41 39 et

618 2465 145 53 quand
785 2464 74 43 éro
879 2474 157 33 encaro
1056 2464 83 41 ben
1160 2464 102 41 luen
1284 2473 110 31 soun
1417 2461 102 53 pèro
1540 2461 73 40 lou
1628 2460 158 50 veguet
1804 2458 125 41 venir
1944 2460 41 38 et

617 2531 86 42 seis
723 2530 224 42 entraillos
962 2530 100 40 s’est
1076 2528 353 51 enemoougudas
1444 2527 52 40 de
1511 2523 302 53 coumpassien
1834 2525 151 38 couret

619 2607 82 32 aou
723 2597 139 41 davan
884 2596 140 48 d’eou,
1047 2595 35 41 si
1102 2595 119 51 jietet
1243 2594 23 40 à
1287 2603 111 32 soun
1421 2589 149 45 couelé
1588 2593 41 39 et
1653 2589 270 46 l'embrasset.

671 2663 67 41 21.
761 2663 49 39 Et
830 2671 110 31 soun
955 2660 115 42 fieou
1091 2660 30 40 li
1136 2659 146 51 diguet
1296 2671 8 28 :
1320 2659 126 40 Moun
1469 2657 118 52 paire
1603 2656 39 39 aï
1666 2656 145 50 peccat
1832 2655 152 40 contro

620 2726 74 41 lou
714 2724 80 42 ciel
816 2726 41 40 et
889 2726 152 39 contro
1069 2722 52 41 de
1150 2731 124 41 vous,
1298 2731 119 30 noun
1439 2720 95 41 siou
1566 2728 76 42 pas
1672 2717 127 51 digne
1829 2716 155 41 d’estre

623 2790 186 53 appellat
826 2790 204 40 vouestre
1051 2787 130 42 fieou.

674 2854 65 41 22.
763 2853 122 42 Alors
904 2852 73 43 lou
1001 2851 102 53 pèro
1124 2850 147 52 diguet
1292 2850 22 41 à
1337 2849 85 44 seis
1441 2846 295 53 domestiques
1758 2857 7 31 :
1791 2845 193 42 Adduses
