2376 3698
1237 489 51 6 —
1317 479 24 27 II
1371 490 50 6 —

662 588 134 44 arrivé
811 605 8 26 :
843 589 23 43 à
886 591 105 41 cette
1024 587 235 53 formation,
1295 589 89 43 rien
1420 593 116 40 autre
1571 590 154 43 n’avait
1751 590 163 56 présidé
1935 602 81 45 que

660 649 39 42 la
717 648 144 56 parole
887 651 41 40 et
958 647 194 44 l’instinct
1179 649 227 55 populaire,
1437 649 178 56 puisque
1647 653 93 40 tous
1774 650 57 42 les
1864 651 152 51 lettrés,

659 708 158 55 laïques
858 711 41 39 et
941 706 341 57 ecclésiastiques,
1332 707 221 45 écrivaient
1603 708 322 44 exclusivement
1964 721 52 31 en

659 767 100 42 latin
782 770 40 40 et
841 777 56 33 ne
917 766 304 44 considéraient
1244 766 178 45 l’idiome
1443 767 187 43 naissant
1658 779 81 44 que
1761 779 162 32 comme
1957 781 60 30 un

660 826 214 44 ensemble
891 825 51 44 de
965 825 240 55 corruption
1226 830 40 39 et
1285 826 49 44 de
1366 827 132 43 fautes
1528 827 205 56 vulgaires
1754 832 39 38 et
1810 827 207 56 rustiques

660 887 97 54 qu’il
777 885 126 43 fallait
921 885 139 44 éviter.
1083 885 55 44 Ce
1159 885 98 42 latin
1293 886 103 43 ainsi
1429 886 155 43 soumis
1625 888 23 41 à
1681 885 243 56 l’opération
1944 887 70 55 qui

658 945 38 43 le
717 945 230 55 changeait,
970 945 109 50 était,
1100 945 24 42 il
1151 948 62 39 est
1232 945 97 52 vrai,
1362 958 60 30 un
1443 948 40 40 et
1503 945 210 55 identique
1750 958 71 30 sur
1845 949 115 40 toute
1981 947 37 41 la

660 1004 162 43 surface
843 1004 51 43 de
912 1005 38 42 la
969 1005 130 42 Gaule
1126 1004 343 55 septentrionale;
1494 1005 103 42 mais
1630 1004 26 43 il
1690 1004 140 44 n’était
1851 1017 88 43 pas,
1964 1016 53 32 en

659 1065 127 42 allant
807 1063 51 43 de
873 1063 41 43 la
934 1065 119 42 Loire
1073 1074 91 32 vers
1186 1063 172 44 l’Orient
1389 1068 39 39 et
1458 1065 38 43 le
1517 1064 124 52 Nord,
1663 1074 53 32 en
1737 1067 164 40 contact
1920 1075 98 32 avec

660 1123 71 43 des
747 1122 263 57 populations
1031 1122 69 56 qui
1111 1122 161 43 fussent
1279 1123 246 55 identiques.
1538 1123 195 43 Chacune
1746 1123 49 43 de
1811 1134 65 32 ces
1886 1135 115 43 popu­

659 1182 147 43 lations
845 1182 161 44 mettait
1040 1193 76 32 son
1156 1182 142 43 cachet
1331 1182 236 55 particulier
1601 1183 24 42 à
1655 1182 241 43 l’altération
1933 1182 83 55 qui,

658 1252 163 33 comme
843 1243 23 42 à
886 1245 91 40 tout
997 1240 212 45 l’occident
1242 1242 112 52 latin,
1375 1241 126 43 créait
1530 1241 37 43 le
1601 1245 98 52 type
1727 1253 194 32 nouveau
1943 1241 72 44 des

660 1304 122 41 mots.

722 1389 15 18 «
775 1371 61 42 De
857 1371 40 42 la
922 1375 122 47 sorte,
1075 1371 143 56 quand
1252 1371 327 44 définitivement
1600 1373 35 43 le
1659 1373 99 42 latin
1788 1372 61 44 fut
1877 1372 140 52 éteint,

655 1430 145 56 quand
819 1431 58 42 les
896 1430 140 43 lettrés
1052 1430 254 44 eux-mêmes
1332 1432 95 42 n’en
1450 1432 169 43 usèrent
1635 1433 92 54 plus
1749 1442 81 46 que
1848 1443 161 32 comme

657 1489 125 44 d’une
801 1490 153 55 langue
975 1494 146 47 morte,
1144 1490 26 42 il
1209 1502 44 31 se
1288 1494 146 39 trouva
1468 1502 81 44 que
1579 1501 46 33 ce
1660 1492 137 54 parler
1831 1490 185 53 différait,

659 1549 125 44 d’une
804 1548 122 53 façon
959 1560 85 32 non
1069 1562 75 42 pas
1166 1549 215 56 profonde,
1418 1551 104 42 mais
1558 1554 199 51 pourtant
1785 1550 217 43 caractéris­

657 1608 129 57 tique,
826 1608 51 44 de
917 1608 194 56 province
1146 1609 23 42 à
1213 1609 205 56 province.
1443 1609 77 44 Ces
1551 1609 243 44 différences
1832 1613 94 40 sont
1957 1610 57 43 les

660 1667 206 44 dialectes.

722 1757 15 17 «
776 1738 208 56 Pourquoi
1004 1738 73 44 des
1098 1738 190 44 dialectes
1311 1743 41 38 et
1380 1750 87 32 non
1489 1750 74 43 pas
1598 1737 71 44 des
1702 1737 132 56 patois
1853 1740 20 41 ?
1910 1738 110 43 C’est

660 1798 179 55 qu’alors
859 1797 141 43 l’unité
1022 1797 51 43 de
1093 1799 178 55 langage
1299 1803 39 38 et
1371 1798 51 43 de
1457 1797 229 43 littérature
1707 1797 204 43 n’existait
1929 1810 88 42 pas.

661 1856 171 44 Chacun
865 1856 50 44 de
949 1868 65 32 ces
1040 1858 149 54 parlers
1229 1856 266 56 provinciaux
1524 1856 107 44 avait
1657 1859 147 40 autant
1831 1856 51 44 de
1916 1856 107 44 droit

661 1917 131 55 qu’un
834 1920 117 39 autre
991 1917 23 41 à
1060 1917 186 43 soutenir
1291 1928 76 32 son
1409 1915 348 56 indépendance;
1791 1927 139 32 aucun
1967 1927 56 32 ne

660 1975 179 55 primait.
858 1976 64 42 En
941 1975 71 43 fait
1026 1975 51 44 de
1093 1977 167 55 langue,
1275 1977 58 42 les
1354 1975 167 52 duchés,
1546 1976 54 42 les
1618 1974 155 45 comtés
1789 1987 43 31 se
1846 1975 178 43 valaient

662 2039 40 39 et
721 2035 178 43 valaient
921 2035 139 43 même
1079 2034 38 44 le
1141 2035 193 44 domaine
1354 2036 125 54 royal.

726 2195 13 17 «
781 2174 152 52 Quand
962 2176 36 42 le
1032 2183 77 35 XIVe
1134 2175 120 44 siècle
1289 2175 103 52 finit,
1427 2176 57 41 les
1513 2175 217 55 seigneurs
1758 2174 267 56 provinciaux

662 2239 73 40 ont
756 2235 220 55 beaucoup
993 2235 134 55 perdu
1148 2235 52 43 de
1218 2234 90 44 leur
1327 2235 209 42 caractère
1547 2233 133 44 féodal
1695 2251 10 35 ;
1728 2235 38 41 la
1787 2233 238 44 monarchie

663 2307 24 30 a
706 2294 84 55 pris
810 2295 39 41 la
870 2294 344 56 prépondérance
1228 2311 11 36 ;
1260 2294 114 43 Paris
1405 2297 62 40 est
1489 2293 165 44 devenu
1673 2304 84 32 une
1778 2293 184 56 capitale,
1987 2297 39 39 et

661 2353 341 44 simultanément
1022 2354 26 41 il
1068 2356 96 41 s’est
1193 2353 71 44 fait
1284 2364 84 33 une
1402 2354 152 55 langue
1585 2364 100 42 une,
1713 2352 215 56 employée
1951 2364 76 43 par

660 2418 95 39 tous
778 2424 104 32 ceux
900 2412 70 57 qui
993 2413 194 52 écrivent,
1211 2414 23 42 à
1250 2414 183 55 quelque
1465 2412 156 43 localité
1654 2413 116 54 qu’ils
1791 2411 219 56 appartien­

661 2477 116 39 nent.
800 2473 109 43 C’est
928 2474 25 42 à
972 2483 46 33 ce
1040 2477 188 39 moment
1255 2484 82 44 que
1360 2474 57 41 les
1440 2472 191 43 dialectes
1653 2476 162 39 cessent
1835 2471 191 44 d’exister

664 2543 53 32 en
737 2532 160 43 France
913 2549 11 36 ;
946 2533 58 43 les
1024 2532 133 56 patois
1180 2543 52 32 en
1248 2535 212 53 prennent
1479 2532 39 42 la
1540 2532 130 54 place.

727 2641 14 19 «
779 2622 115 43 Ainsi
925 2623 82 43 l’on
1041 2622 176 44 définira
1238 2623 37 42 le
1309 2622 131 55 patois
1461 2635 60 30 un
1543 2621 170 44 dialecte
1749 2621 82 57 qui,
1856 2622 172 56 n’ayant

661 2683 94 56 plus
777 2682 52 43 de
850 2683 158 42 culture
1030 2682 205 49 littéraire,
1261 2685 86 39 sert
1375 2683 234 42 seulement
1640 2694 81 30 aux
1744 2693 149 44 usages
1914 2682 51 43 de
1987 2683 39 41 la

662 2743 63 42 vie
742 2753 236 32 commune.
1011 2742 114 43 Cette
1156 2740 227 52 définition,
1414 2740 166 51 fondée,
1615 2752 161 32 comme
1799 2753 56 32 on
1874 2742 36 43 le
1931 2741 82 44 voit

662 2814 71 32 sur
764 2801 206 51 l’histoire,
1006 2800 198 56 empêche
1238 2801 173 43 aussitôt
1439 2800 51 44 de
1523 2800 130 44 croire
1682 2812 82 44 que
1796 2802 56 41 les
1892 2801 132 55 patois

662 2861 134 45 soient
828 2872 84 34 une
946 2861 238 56 corruption
1228 2861 51 43 de
1308 2861 37 42 la
1383 2862 152 54 langue
1575 2864 205 40 correcte:
1818 2860 90 44 idée
1945 2860 80 44 fort
