2408 3787
1017 540 53 8 —
1099 519 47 41 51
1180 541 54 7 —

496 638 64 41 15.
594 639 31 39 Y
645 647 46 32 se
715 637 187 52 n’anguit
925 637 86 43 don
1033 641 42 40 et
1095 648 45 33 se
1159 638 140 42 boutit
1320 649 55 31 au
1408 640 167 42 service
1601 639 103 43 d’un
1734 641 76 42 des

442 701 174 41 habitan
638 701 82 41 dau
744 711 94 43 pay,
862 702 73 50 qui
956 702 205 52 l’envoyit
1191 701 24 41 à
1248 711 48 32 sa
1326 702 135 42 ferme
1493 713 76 41 per
1598 715 26 40 y
1657 703 155 51 garder

442 766 67 51 ley
530 767 179 49 gorrets.

495 830 64 39 16.
591 828 92 52 Iqui
704 841 25 40 y
748 829 135 43 l’auré
904 830 100 42 bien
1024 830 154 41 voulut
1198 839 46 32 sa
1265 829 213 42 refession
1508 829 76 42 des
1610 839 198 42 eycosses

440 902 84 42 que
544 893 67 52 ley
631 895 168 48 gorrets
818 894 216 51 mangian,
1061 893 67 41 mé
1149 893 133 51 digun
1306 904 53 30 ne
1382 894 41 51 ly
1443 903 54 31 en
1524 893 149 41 baillet.

492 959 64 39 17.
589 958 135 41 Enfen
746 960 124 50 eytan
893 958 146 42 rentré
1060 968 53 31 en
1134 958 45 52 ly
1197 967 180 42 mayme,
1400 969 25 40 y
1437 957 146 42 dissit:
1600 956 203 43 Combien

440 1032 23 40 y
485 1032 24 29 a
529 1023 74 39 tou
633 1021 53 41 de
704 1023 113 40 valet
838 1023 86 39 dan
944 1023 39 39 la
1007 1031 178 42 mayson
1221 1022 52 41 de
1310 1031 101 31 mon
1451 1031 125 41 pere,
1622 1021 175 50 qu'avan

438 1086 83 39 dau
544 1096 82 40 peu
648 1095 54 31 en
725 1086 264 49 abondance,
1015 1087 41 39 et
1076 1084 129 43 moué
1222 1085 43 51 je
1284 1095 151 30 moure
1453 1085 53 40 ici
1524 1085 53 41 de
1596 1084 131 52 faing.

490 1150 63 39 18.
586 1151 107 38 Faut
712 1160 84 40 que
812 1149 43 51 je
878 1151 119 49 parte
1018 1151 41 39 et
1080 1159 84 40 que
1181 1149 142 51 j’ange
1341 1150 176 39 trouver
1548 1159 101 30 mon
1682 1159 118 40 pere.

434 1213 78 52 J’Iy
532 1213 130 40 dirrai
680 1224 9 29 :
717 1214 95 39 Mon
835 1223 121 41 pere,
971 1212 84 53 j’ay
1077 1210 130 54 péché
1228 1213 53 51 (le
1302 1213 186 50 premier
1521 1222 24 31 e
1576 1215 65 38 est
1671 1213 131 51 muet)

435 1279 150 40 contre
605 1277 40 41 lé
666 1278 107 41 ciele
795 1281 42 37 et
857 1280 151 39 contre
1027 1287 124 31 vous.

492 1344 61 39 19.
587 1344 47 40 Je
655 1353 54 31 ne
730 1353 75 30 seu
828 1352 75 41 pas
923 1343 128 51 digne
1072 1342 187 52 d’eytere
1281 1340 150 53 appelé
1455 1342 155 41 voutre
1643 1352 155 42 gouya,

434 1405 125 41 traité
580 1416 96 30 meu
699 1416 153 31 coume
874 1417 58 29 un
954 1406 79 52 dey
1053 1406 137 40 valets
1205 1415 84 40 que
1310 1415 78 30 son
1409 1414 22 30 a
1452 1407 181 49 voutrey
1653 1415 144 40 gages.

484 1471 67 40 20.
582 1471 33 38 Y
638 1470 188 51 partissit
845 1470 101 49 don,
980 1472 41 39 et
1054 1481 46 29 se
1128 1468 197 51 n’anguit
1356 1470 177 40 trouver
1565 1479 80 30 son
1680 1480 116 40 pere.

433 1531 122 46 Quan
575 1544 25 40 y
622 1532 143 52 l’eytet
798 1542 158 31 encore
987 1533 159 47 louen,
1179 1541 78 31 son
1295 1541 102 41 pere
1428 1531 299 52 l’appercevit,
1758 1535 43 38 et

431 1597 157 41 touché
608 1598 52 41 de
677 1598 275 51 compassion
969 1609 26 41 y
1016 1596 162 42 courrit
1199 1596 23 40 à
1241 1596 56 52 ly,
1321 1606 46 31 se
1383 1596 87 51 jitit
1490 1596 23 40 à
1534 1607 80 30 son
1645 1607 80 31 cou
1757 1600 43 38 et

430 1661 42 41 le
492 1661 149 50 biquit.

483 1725 65 39 21.
582 1725 86 40 Son
689 1734 140 43 gouya
849 1725 41 51 ly
909 1724 145 42 dissit:
1080 1725 95 40 Mon
1198 1733 116 42 pere,
1334 1722 84 53 j’ay
1439 1722 132 52 péché
1591 1724 204 42 contrôle

431 1788 106 41 ciele
557 1790 42 39 et
619 1792 149 38 contre
787 1799 124 39 vous,
932 1787 42 52 je
996 1798 54 32 ne
1071 1798 74 31 seu
1181 1799 56 40 pu
1268 1789 129 49 digne
1426 1788 187 51 d’eytere
1646 1788 150 52 appelé

430 1853 154 39 voutre
605 1862 155 42 gouya.

483 1916 67 39 22.
582 1915 32 40 A
633 1915 130 41 ladon
781 1916 41 41 le
843 1925 102 42 pere
965 1915 122 41 dissit
1107 1914 23 41 à
1164 1925 68 32 ses
1257 1916 114 40 valet
1385 1926 7 29 :
1432 1916 122 51 porte
1589 1915 209 43 vilement

430 1978 40 40 la
492 1990 55 39 pu
572 1979 112 41 belle
704 1979 103 41 robe
828 1981 41 39 et
889 1979 185 52 veytisse
1094 1980 74 39 lou
1183 1990 9 38 ;
1216 1977 129 43 metté
1379 1980 42 51 ly
1451 1988 86 31 une
1568 1978 141 52 bague
1741 1991 55 30 au

430 2041 79 52 dey
530 2043 42 40 et
591 2042 78 52 dey
690 2043 123 51 souly
834 2053 50 41 ey
904 2042 58 52 pi.

481 2107 65 39 23.
580 2106 121 42 Mené
721 2107 40 41 le
781 2105 108 43 vedé
909 2116 100 41 gras
1041 2108 42 40 et
1112 2106 73 42 tué
1214 2107 73 41 lou
1305 2119 7 28 :
1349 2116 215 43 mangeon
1598 2109 42 40 et
1672 2109 122 41 feson

430 2168 144 43 bonne
594 2170 140 41 chère.

482 2234 66 39 24.
582 2234 77 40 Car
679 2244 102 30 mon
803 2243 140 42 gouya
963 2243 84 42 que
1067 2233 122 52 voyci
1211 2235 111 52 eytet
1341 2245 121 32 more
1482 2236 43 41 et
1547 2247 22 42 y
1589 2237 82 52 l’ey
1699 2247 70 32 res­

429 2297 173 46 suscité,
625 2309 26 41 y
670 2298 142 52 l’eytet
833 2298 104 51 prdu
962 2300 41 39 et
1021 2309 27 41 y
1074 2298 81 51 l’ey
1189 2298 167 42 trouvé.
1394 2300 32 39 Y
1457 2309 47 32 se
1534 2300 201 41 metirian
1767 2301 24 40 à

430 2361 105 41 faire
556 2362 143 41 bonne
720 2363 141 40 chere.

481 2425 65 40 25.
578 2426 155 41 Pertan
754 2426 40 41 le
829 2435 139 43 gouya
1000 2423 141 56 l’ayné
1169 2426 204 52 qu’eytait
1402 2426 108 42 dans
1542 2428 69 52 ley
1639 2428 154 52 champ

429 2489 227 50 revenguit
676 2492 41 37 et
737 2499 115 40 quan
871 2500 26 40 y
916 2488 49 42 fit
985 2490 158 50 proche
1164 2489 51 42 de
1236 2490 40 39 la
1300 2499 193 42 meyson,
1515 2502 25 40 y
1572 2491 227 41 l’entendit

428 2552 41 41 le
489 2562 183 33 concere
690 2555 42 39 et
751 2554 41 40 la
812 2553 148 42 danse.

481 2618 65 40 26.
579 2618 33 40 Y
632 2619 146 40 sounit
799 2629 59 30 un
892 2619 78 51 dey
999 2619 113 41 valet
1144 2617 23 41 à
1199 2618 74 51 qui
1305 2631 25 40 y
1369 2618 221 42 demandit
1626 2629 49 32 ce
1713 2629 85 41 que

429 2693 115 41 queu
566 2685 126 50 eytet.

481 2759 65 40 27.
580 2760 120 45 Queu
721 2760 42 52 ly
783 2759 122 42 dissit
926 2761 39 40 le
983 2760 114 41 valet
1114 2770 85 40 que
1217 2762 154 40 voutre
1391 2760 91 53 fray
1509 2770 73 43 sey
1611 2761 184 42 entorne

430 2825 42 38 et
489 2825 153 39 voutre
663 2833 102 42 pere
787 2823 22 41 à
831 2824 74 41 fait
925 2826 72 40 tue
1017 2825 39 41 le
1076 2822 107 44 vedé
1203 2834 99 42 gras
1323 2835 50 42 pr
1392 2835 48 32 ce
1460 2825 86 52 qu’i
1567 2825 53 40 l’a
1638 2822 154 44 trouvé

430 2898 54 32 en
505 2888 145 42 boune
670 2889 136 42 santé.
