2494 3780
1125 579 77 40 145
1235 599 48 8 —

538 695 61 41 18.
631 697 46 39 In
695 695 76 52 jou
794 706 84 41 que
910 696 40 41 la
983 695 182 52 fringale
1194 696 39 40 le
1265 694 122 42 t’nait
1416 693 51 42 bé
1493 694 145 49 raide,
1674 693 39 42 le
1749 703 95 33 cou-

481 759 173 42 moincit
679 759 22 41 à
723 761 193 42 rontraie
936 771 53 31 en
1009 761 28 40 li
1062 770 199 32 moueme
1282 763 41 39 et
1342 761 40 40 le
1403 770 45 31 se
1469 759 112 42 d’cit.

535 825 62 39 19.
632 825 123 52 011’y
775 834 22 30 a
826 823 78 43 ché
936 836 101 30 mon
1070 825 100 52 père
1197 825 84 41 dau
1319 825 131 41 valett
1487 824 74 51 qui
1600 823 245 51 meingeant

478 887 94 41 tout
591 887 70 41 leu
680 889 178 40 content
872 900 9 38 ;
905 891 43 39 et
967 899 68 30 me
1056 901 24 40 y
1114 889 88 41 saie
1232 888 99 42 itchi
1354 888 23 41 à
1408 887 170 42 crevaie
1607 887 51 42 de
1696 886 122 41 fouin
1837 897 9 30 :

477 950 90 41 faut
588 951 72 51 qui
679 951 105 52 seije
804 951 52 42 bé
877 954 80 39 sot.
981 953 31 39 Y
1034 953 84 39 n’ai
1140 953 119 51 qu’in
1277 953 86 41 bon
1381 954 69 39 cot
1472 952 22 40 à
1511 950 160 50 fouère,
1696 951 69 40 oll’
1785 953 64 39 est

476 1013 168 42 d’allaie
663 1015 195 41 trouvaie
881 1026 100 30 mon
1001 1015 102 52 père
1124 1019 41 38 et
1184 1017 52 40 de
1257 1016 29 40 li
1308 1015 149 42 fouère
1478 1015 68 41 mé
1566 1014 242 42 z’extiuses.

527 1080 65 39 20.
625 1081 60 40 Ne
705 1080 55 42 sit
776 1079 43 52 ja
841 1081 243 51 longtemps
1114 1080 22 40 à
1168 1080 274 52 décompaie:
1477 1079 70 41 oll’
1586 1090 25 40 y
1651 1077 113 42 avait
1803 1078 44 39 in

473 1142 86 41 bon
580 1144 105 41 bout
702 1144 246 42 d’chemin.
974 1145 158 41 Coume
1153 1144 207 42 l’iontrait
1392 1143 107 41 dans
1533 1143 40 40 le
1606 1142 157 50 village
1794 1141 53 41 de

473 1207 78 42 ché
571 1209 43 49 li,
638 1219 79 30 son
740 1209 114 52 père,
878 1210 71 50 qui
970 1208 102 43 était
1088 1221 51 29 su
1161 1210 24 39 l’
1208 1208 158 42 basseil
1387 1208 52 41 de
1459 1217 47 31 sa
1526 1208 136 50 porté,
1688 1205 160 42 l’avisit

472 1277 40 37 et
532 1274 198 51 courgu.it
753 1285 52 30 au
828 1275 158 41 devont
1005 1275 51 42 de
1077 1275 45 49 li,
1146 1275 29 40 li
1194 1275 165 41 saulaie
1379 1285 54 30 au
1455 1284 82 31 cou
1559 1274 42 41 et
1618 1273 40 41 le
1679 1272 166 52 bigeaie

477 1348 155 32 coume
653 1339 117 51 poin.

523 1404 66 40 21.
621 1406 48 39 In
690 1415 112 40 gars,
826 1404 73 51 qui
922 1402 145 44 n’était
1098 1404 134 43 diaire
1265 1404 101 42 rusé
1397 1404 68 41 oll'
1507 1402 101 43 était
1646 1403 41 41 le
1726 1402 115 40 faill:

470 1467 97 39 Mon
589 1467 95 51 p’pa
705 1478 84 40 que
810 1468 130 41 l’dicit
963 1481 24 39 y
1020 1468 181 51 qu’neut
1232 1468 72 52 qui
1337 1469 39 38 ai
1405 1468 119 40 raide
1558 1465 187 52 monqué
1788 1475 55 31 au

469 1530 86 41 bon
575 1532 103 41 Dieu
701 1536 40 37 et
763 1532 23 40 à
806 1543 85 30 vou
911 1535 93 38 tout
1024 1535 42 38 et
1086 1533 73 51 qui
1179 1533 39 40 n’
1242 1534 89 41 saie
1353 1544 56 40 pu
1429 1532 128 51 digne
1574 1530 132 42 d’être
1722 1529 121 42 vout’

470 1594 102 50 faill,
598 1595 108 42 mais
726 1608 23 41 y
769 1596 39 42 v’
829 1597 90 41 z’en
943 1596 92 52 prie
1058 1596 132 52 prenè
1209 1598 53 39 m’
1284 1598 60 51 pr’
1365 1600 106 38 vout
1486 1597 129 40 valet.

521 1661 65 39 22.
619 1661 54 41 Le
704 1661 294 42 boun’houme
1030 1662 99 41 fasit
1158 1672 154 31 coume
1346 1662 34 40 si
1414 1661 94 42 rein
1549 1659 159 42 n’avait
1749 1659 91 50 été;

470 1722 176 53 l’app’lit
663 1724 39 42 lé
718 1725 132 41 vâlett
869 1727 41 39 et
931 1727 39 40 le
994 1726 69 41 leu
1085 1726 120 41 d’cit:
1234 1743 15 18 «
1271 1725 91 42 Allé
1383 1726 111 51 qu’ri
1527 1725 73 41 ine
1632 1725 108 41 belle
1777 1734 64 31 an-

468 1790 165 50 greline
653 1790 84 41 dau
759 1790 69 41 bià
849 1791 89 41 bott
960 1790 154 52 nègres
1135 1793 41 40 et
1196 1791 84 41 dau
1303 1791 205 41 sabarons
1530 1822 9 17 ,
1575 1802 25 40 y
1631 1792 103 39 vaut
1771 1794 74 47 qu’

471 1853 26 39 l’
518 1853 104 52 seije
642 1854 264 42 ben'hab'llé.

522 1921 65 39 23.
622 1921 30 39 0
675 1921 53 40 né
750 1930 76 42 pas
853 1931 101 31 core
987 1923 94 39 tout
1100 1932 7 29 :
1142 1921 64 40 Oll
1237 1934 24 40 y
1299 1933 21 29 a
1362 1921 116 42 thiau
1518 1919 80 44 veâ
1636 1920 206 51 quiavion

468 1986 129 41 onvie
617 1986 52 42 de
691 1986 156 42 m’naie
869 1986 22 40 à
909 1987 41 40 la
971 1986 151 41 fouère
1142 1986 91 41 faut
1265 1987 40 40 le
1335 1986 117 41 tuaie
1486 1995 76 43 pre
1592 1984 73 51 qui
1703 1984 139 41 fasion

469 2049 71 41 ine
561 2050 258 52 reingalade.

521 2116 65 39 24.
619 2116 88 40 V’Ia
728 2126 84 41 que
835 2127 100 30 mon
954 2117 87 39 faill
1062 2116 176 52 qu’était
1272 2119 111 38 mort
1423 2119 63 39 est
1522 2114 146 49 r’vilé,
1710 2114 134 42 l’était

467 2179 135 51 pardu
626 2182 41 39 et
685 2192 25 39 y
736 2180 93 41 vint
861 2180 52 41 de
944 2181 26 38 l’
1003 2181 241 42 retrouvre.
1280 2180 55 42 Lé
1372 2179 132 42 vâlett
1542 2180 39 39 n’
1623 2179 139 41 siront
1798 2178 43 52 ja

467 2243 213 51 feignant:
705 2246 41 39 et
767 2255 24 30 o
817 2244 54 42 sit
890 2244 130 41 bètou
1040 2245 150 40 fouait.

518 2309 65 40 25.
617 2309 54 41 Le
694 2320 54 40 pu
770 2309 129 41 vieux
919 2309 84 41 dau
1024 2319 185 41 garçons
1230 2310 73 51 qui
1326 2309 102 42 était
1450 2309 23 40 à
1493 2309 136 41 laraie
1648 2340 9 17 ,
1692 2307 151 41 arrivit

467 2382 53 30 au
560 2374 215 39 moument
811 2383 139 32 voure
982 2383 25 30 o
1046 2373 282 50 coumoinçait
1364 2373 23 40 à
1417 2372 150 42 fouère
1597 2372 120 41 raide
1756 2372 83 40 dau

472 2436 205 42 chaffrais.

516 2502 65 39 26.
615 2501 190 52 L’app’lit
825 2502 40 41 le
883 2501 188 43 bistreau
1094 2503 73 50 qui
1189 2503 150 41 sortait
1358 2504 60 50 pr’
1441 2502 29 41 li
1490 2503 138 41 aidaie
1647 2502 22 40 à
1687 2505 154 39 mettre

464 2565 39 42 lé
524 2566 111 41 buffs
657 2566 22 40 à
706 2566 204 42 l'éthiurie
935 2570 40 38 et
997 2568 39 40 le
1056 2568 29 40 li
1108 2568 223 42 demondit
1350 2569 33 41 c’
1406 2579 85 40 quo
1514 2568 176 41 l’iavait.

517 2630 65 41 27.
616 2631 123 43 Nout’
761 2631 195 42 mouëtre
976 2642 85 40 quo
1083 2632 98 41 d’cit
1201 2633 40 40 le
1262 2632 134 50 drôle,
1424 2633 56 40 oll
1505 2634 64 40 est
1588 2632 115 41 vout’
1726 2630 115 43 frère

465 2694 74 50 qui
561 2696 63 39 est
645 2694 155 49 rondu,
825 2699 41 37 et
886 2696 114 40 vout’
1023 2695 103 51 père
1147 2695 157 42 a-t-été
1325 2696 35 40 si
1383 2696 87 42 aise
1492 2697 52 42 de
1562 2697 42 41 le
1630 2706 134 31 veure
1789 2694 52 43 bé

467 2763 153 48 porton
643 2771 83 40 que
747 2761 55 40 l’a
822 2761 119 41 fouet
957 2762 117 41 tuaie
1092 2762 40 41 le
1152 2761 79 42 véà
1250 2762 60 51 pr’
1332 2762 152 42 fouère
1505 2760 39 42 la
1565 2761 155 41 ribote.

518 2833 65 39 28.
616 2832 132 42 Thieu
770 2833 55 40 sit
841 2833 87 42 lein
950 2833 52 41 de
1022 2833 28 40 li
1071 2833 171 53 gréyaie
1261 2846 7 27 :
1294 2835 39 40 le
1354 2833 217 52 s’bouquit
1599 2835 42 40 et
1669 2831 170 53 l’ondjit

467 2908 46 31 se
533 2897 176 42 mottaie
730 2898 107 41 dans
857 2898 90 41 n’in
964 2899 147 41 recoin
1132 2899 52 41 de
1205 2899 39 40 la
1266 2909 177 42 gronge.

518 2980 65 40 29.
619 2981 52 41 Le
692 2979 263 45 bouh’oume
974 2979 137 53 ondjit
1132 2981 61 51 pr’
1227 2982 41 41 le
1302 2981 218 42 teurchaie
1558 2980 106 42 mais
1698 2990 54 32 ne
1784 2979 55 41 sit
