2461 3807
4 656 15 31 e

4 722 15 32 e

1 844 17 41 il

1 910 17 40 il

0 985 17 31 n

2 1115 15 32 e

0 1169 16 43 à

1 1245 15 31 e

7 1302 9 39 t

795 641 186 52 TABLE
1021 644 104 48 DES
1161 638 288 56 MATIÈRES

5 1566 10 39 1

1 1639 11 30 r

7 1695 8 40 i

1 1759 14 42 â

1 1899 15 30 s

0 1965 15 31 e

0 2033 16 41 y

0 2085 18 42 it

1 2225 15 31 e

0 2348 16 40 il

443 889 179 37 Parabole
640 890 45 35 de
704 890 163 35 l’Enfant
885 890 193 47 prodigue.
1098 891 175 46 Evangile
1293 891 105 35 selon
1418 892 213 47 Saint-Luc,

493 938 106 46 chap.
621 939 78 35 XV.
721 938 236 43 (Traduction
979 938 45 35 de
1044 939 50 34 Le
1113 939 151 35 Maistre
1284 938 44 36 de
1349 939 120 48 Sacy.)
1789 944 23 35 2

443 983 60 37 Id.
524 996 47 24 en
589 986 118 46 patois
727 984 46 36 de
793 986 133 35 nahrte
945 985 187 46 ouvérgna
1789 991 22 34 4

443 1031 58 36 Ici.
526 1043 46 25 en
594 1033 117 45 patois
732 1032 45 35 de
797 1033 111 45 Liège
1789 1038 23 35 6

445 1079 57 35 Id.
525 1090 46 25 en
592 1084 118 42 patois
728 1079 135 36 wallon
884 1079 64 36 des
968 1080 173 36 environs
1159 1080 45 36 de
1223 1081 186 46 Malmédy
1792 1086 20 34 7

445 1126 58 36 Id.
528 1138 46 25 en
595 1127 118 46 patois
733 1127 44 35 de
1790 1133 23 35 9

446 1174 58 37 Id.
528 1185 44 24 en
594 1175 117 45 patois
731 1174 134 36 wallon
885 1175 64 34 des
969 1175 173 35 environs
1164 1175 44 35 de
1229 1176 107 35 Mons
1361 1176 278 45 (Hainaut)....
1767 1180 42 34 11

446 1221 58 36 Id.
528 1232 46 25 en
593 1222 153 35 dialecte
766 1222 45 35 de
832 1222 169 35 Cambrai
1026 1223 129 45 (Nord)
1768 1227 46 35 12

447 1269 57 36 Id.
527 1279 46 26 en
594 1269 155 36 dialecte
768 1270 50 34 du
838 1273 134 31 canton
991 1269 150 36 d’Arras
1162 1271 302 46 (Pas-de-Calais)
1767 1275 48 34 14

447 1317 57 38 Id.
528 1327 46 25 en
595 1317 153 35 dialecte
771 1317 50 34 du
841 1320 135 31 canton
997 1317 45 35 de
1063 1317 133 35 Carvin
1218 1318 300 47 (Pas-de-Calais)
1768 1322 46 35 16

448 1365 57 37 Id.
529 1374 46 25 en
595 1364 117 46 patois
732 1364 191 46 populaire
943 1364 45 34 de
1006 1364 35 36 la
1063 1365 82 34 ville
1166 1365 44 35 de
1230 1365 236 37 Saint-Omer
1768 1369 48 35 18

448 1412 59 37 Id.
531 1422 45 24 en
598 1412 116 46 patois
738 1402 205 54 ardennois,
969 1415 104 32 entre
1093 1412 254 35 Neufchâteau
1368 1417 35 30 et
1420 1413 172 37 Bouillon
1610 1444 32 9 ..
1768 1416 47 35 20

448 1460 58 36 Id.
530 1470 46 24 en
598 1459 117 46 patois
734 1459 197 44 d’Onville,
953 1463 133 31 canton
1110 1459 46 35 de
1177 1460 118 35 Gorze
1315 1460 182 47 (Moselle)
1768 1464 43 35 21

449 1507 57 36 Id.
530 1517 44 24 en
594 1506 118 46 patois
733 1506 138 35 lorrain
1769 1511 47 35 23

449 1554 58 37 Id.
531 1564 47 25 en
598 1554 117 46 patois
736 1554 45 34 de
799 1553 233 37 Vaudemont
1049 1554 196 46 (Meurthe)
1771 1559 46 35 25

449 1602 58 36 Id.
530 1612 45 25 en
599 1601 117 46 patois
737 1601 45 35 de
803 1601 225 36 Gérardmer
1043 1602 167 45 (Vosges)
1772 1606 46 36 26

449 1650 57 35 Id.
529 1659 47 25 en
593 1648 117 47 patois
730 1649 205 35 d’Altkirch
1772 1653 47 36 28

450 1697 58 35 Id.
534 1707 46 25 en
601 1696 117 46 patois
738 1696 45 34 de
802 1696 226 46 Giromagny
1051 1697 156 45 (Alsace)
1773 1701 47 36 30

451 1744 58 36 Id.
534 1754 45 25 en
599 1743 117 47 patois
734 1743 50 35 du
804 1747 134 31 canton
959 1743 45 35 de
1025 1743 259 47 Champagney
1302 1745 292 47 (Haute-Saône)
1615 1776 30 9 ..
1773 1748 43 35 31

452 1792 57 35 Id.
534 1802 46 25 en
600 1791 117 46 patois
738 1791 49 35 du
807 1795 133 30 canton
964 1791 45 34 de
1034 1792 208 34 Vauvilliers
1268 1792 378 47 (Haute-Saône)....
1774 1796 46 35 33

452 1839 57 35 Id.
535 1850 45 25 en
600 1839 117 46 patois
737 1839 51 34 du
809 1842 134 31 canton
964 1839 44 33 de
1034 1839 134 34 Vesoul
1191 1839 286 46 (Haute-Saône)
1774 1843 47 35 34

452 1887 57 35 Id.
533 1897 47 25 en
602 1886 118 46 patois
740 1886 50 35 du
812 1889 136 31 canton
966 1885 46 36 de
1036 1886 227 46 Champlitte,
1286 1886 141 35 arrond
1428 1889 12 23 1
1455 1888 45 35 de
1519 1888 129 47 Gray..
1774 1890 47 36 36

452 1934 57 35 Id.
534 1945 44 25 en
600 1933 117 47 patois
736 1933 45 35 de
800 1933 193 42 Besançon
1016 1933 153 46 (Doubs)
1774 1938 47 35 38

453 1982 56 35 Id.
534 1993 46 25 en
600 1980 117 47 patois
740 1981 50 35 du
811 1981 170 34 Morvant
1775 1986 47 35 40

452 2029 58 35 Id.
535 2041 47 24 en
602 2028 117 47 patois
739 2028 162 46 poitevin
922 2027 44 35 de
990 2027 191 37 Confolens
1210 2028 210 44 (Charente)
1773 2033 47 35 42

453 2077 58 44 Id,
535 2088 44 25 en
600 2076 117 47 patois
738 2076 66 35 des
820 2075 174 35 environs
1014 2075 45 35 de
1080 2076 33 34 la
1133 2076 143 34 Valette
1296 2076 211 47 (Charente)
1773 2081 47 35 43

453 2124 58 35 Id.
535 2136 47 25 en
601 2124 117 47 patois
737 2123 45 35 de
801 2122 144 36 Saintes
966 2121 441 47 (Charente-Inférieure)
1775 2129 47 34 44

454 2172 56 36 Id.
535 2183 45 25 en
598 2171 118 48 patois
736 2171 45 34 de
799 2171 35 34 la
852 2169 177 37 Rochelle
1051 2170 435 47 (Charente-Inférieure)
1775 2175 47 36 46

454 2219 58 37 Id.
534 2230 46 26 en
600 2219 117 47 patois
736 2217 253 46 angoumoisin
1015 2218 49 34 du
1089 2221 133 31 canton
1245 2218 45 34 de
1310 2219 33 34 la
1356 2219 142 36 Valette
1775 2223 47 35 48

454 2266 57 37 Id.
535 2279 46 24 en
602 2266 117 47 patois
738 2266 44 34 de
799 2266 199 35 Marennes
1019 2265 436 47 (Charente-Inférieure)
1776 2270 47 36 48

453 2315 59 35 Id.
536 2326 47 25 en
602 2314 162 47 gavache
783 2312 46 35 de
846 2312 216 46 Monségur,
1085 2312 320 36 arrondissement
1423 2313 46 36 de
1487 2315 35 34 la
1541 2316 116 35 Réole
1777 2318 47 35 50

454 2362 59 36 Id.
537 2374 45 25 en
602 2361 160 47 gavache
781 2360 45 35 de
845 2361 36 33 la
904 2359 334 45 Motte-Landeron,
1264 2361 138 34 arrond
1404 2362 10 23 1
1430 2360 44 37 de
1491 2362 35 35 la
1543 2363 114 35 Réole
1778 2365 46 35 52

454 2410 58 36 Ici.
537 2421 45 25 en
602 2409 118 47 patois
739 2407 231 47 périgourdin
986 2406 49 36 du
1047 2411 134 31 canton
1193 2407 45 35 de
1250 2407 33 35 la
1295 2408 142 35 Valette
1447 2409 210 45 (Charente)
1778 2413 47 34 54

455 2459 61 35 Id.
540 2468 45 26 en
603 2457 117 47 patois
741 2456 45 34 de
802 2455 35 35 la
849 2454 316 47 sous-préfecture
1181 2454 45 35 de
1240 2455 168 36 Nontron
1430 2456 225 47 (Dordogne)
1779 2460 46 35 55

455 2506 58 36 Id.
536 2516 45 25 en
605 2504 116 47 patois
741 2502 177 36 sarladais
937 2502 49 34 du
1007 2501 258 47 département
1285 2502 45 35 de
1348 2503 35 34 la
1402 2502 199 48 Dordogne
1621 2535 31 8 ..
1779 2507 46 35 56

455 2553 57 37 Id.
533 2564 47 25 en
599 2552 117 47 patois
738 2551 175 34 limousin
937 2549 45 35 de
1004 2548 344 37 l’arrondissement
1371 2550 45 35 de
1435 2550 217 40 Confolens.
1780 2554 46 36 58

455 2601 57 35 Id.
537 2612 46 24 en
605 2600 153 35 dialecte
777 2597 175 35 limousin
1780 2601 47 36 60

455 2648 58 36 Id.
539 2659 46 25 en
606 2647 117 47 patois
742 2645 177 35 limousin
939 2644 45 35 de
1004 2643 345 37 l’arrondissement
1367 2645 45 35 de
1429 2646 194 39 St-Yrieix.
1643 2677 8 9 .
1780 2649 46 35 62

456 2696 57 36 Id.
540 2707 45 24 en
606 2694 117 47 patois
740 2693 46 34 de
806 2690 402 39 St-Amand-Tallende
1234 2692 303 48 (Puy-de-Dôme)
1780 2696 48 35 64

456 2744 57 35 Id.
539 2754 47 25 en
604 2742 119 47 patois
744 2740 203 35 d’Aurillac
970 2738 155 47 (Cantal)
1780 2744 47 35 66

455 2791 57 36 Id.
535 2802 47 25 en
601 2790 118 47 patois
739 2789 45 34 de
801 2788 124 36 Rodez
948 2787 199 46 (Aveyron)
1778 2791 46 35 67

456 2839 57 35 Id.
538 2849 45 25 en
604 2837 118 47 patois
743 2836 45 35 de
807 2834 230 37 Montauban
1778 2838 47 36 69

456 2886 57 36 Id.
538 2896 46 26 en
607 2885 117 46 patois
744 2884 45 34 de
808 2883 36 35 la
862 2882 84 35 ville
968 2882 45 35 de
1031 2882 36 35 la
1084 2882 117 35 Réole
1224 2882 192 46 (Gironde)
1780 2886 41 35 71

456 2934 58 36 Id.
538 2944 46 25 en
608 2932 117 47 patois
744 2941 136 36 gascon
901 2930 49 35 du
971 2929 257 47 département
1247 2930 49 35 du
1317 2930 93 37 Gers
1780 2933 45 36 72
