2361 3783
944 518 53 8 —
1031 496 46 42 49
1108 518 53 7 —

367 615 151 42 baillez
540 624 68 32 me
624 614 42 42 le
682 614 115 43 benn
818 613 89 53 qu’i
923 614 108 42 deus
1055 614 133 42 avoirt
1208 623 77 43 pre
1304 623 103 32 mon
1428 614 75 50 lot,
1527 616 43 40 et
1590 615 14 40 i
1635 615 97 42 leus

366 679 99 42 fasit
484 680 40 40 le
547 681 173 49 partage
739 678 52 41 de
812 688 79 31 son
911 678 129 41 benn.

388 743 95 39 -13.
522 741 198 50 Queuque
742 740 100 52 jour
864 740 125 51 après
1002 741 41 40 le
1063 751 80 41 pus
1153 740 133 52 jenne
1303 740 204 52 emportit
1526 750 202 43 avecques

366 805 29 40 li
413 807 94 39 tout
526 815 48 31 ce
595 805 104 50 qu’il
718 805 140 49 avoit,
894 805 89 41 s’en
1017 805 118 50 engit
1165 814 187 42 voyager
1381 815 54 31 en
1466 805 45 40 in
1542 815 103 43 pays
1679 806 53 42 be

366 870 131 50 leung
516 869 56 41 où
594 869 28 40 il
644 868 196 52 dépensit
856 871 94 39 tout
967 879 79 30 son
1068 869 114 41 benn
1204 879 53 31 en
1278 868 237 42 débauche.

419 936 64 39 14.
515 933 134 52 Après
669 934 96 40 ch’il
788 936 104 48 ogut
911 935 94 39 tout
1024 931 202 53 dépensé,
1250 928 30 44 il
1302 932 162 51 avingit
1484 932 74 41 ine
1577 931 148 51 grand-

365 999 159 41 famine
544 999 108 40 dans
672 998 120 41 chios
813 1007 102 43 pays
934 997 56 50 là,
1014 998 41 40 et
1075 997 30 40 il
1125 996 135 42 chésit
1281 995 109 42 dans
1409 1005 87 32 une
1516 995 37 42 si
1568 995 163 51 grande

366 1062 211 43 nécessité

419 1129 64 39 15.
517 1127 105 46 Qu’o
644 1127 28 40 li
693 1126 94 42 falit
804 1136 46 31 se
870 1135 130 41 gager
1021 1124 24 40 à
1064 1124 46 41 iu
1130 1123 174 41 habitan
1327 1123 53 41 do
1398 1123 108 42 lieut
1526 1122 73 52 qui
1625 1111 97 54 l'en-

365 1193 115 51 voyit
497 1192 108 41 dans
625 1200 46 32 sa
692 1191 134 41 ferme
848 1200 74 41 pre
941 1202 25 40 y
986 1189 154 52 garder
1161 1189 63 41 les
1244 1189 136 50 goret.

419 1256 63 40 16.
515 1255 56 40 Là
603 1255 29 41 il
665 1254 178 42 desiroit
871 1254 113 42 benn
1020 1252 189 53 pouvère
1245 1263 47 32 se
1320 1252 286 43 réfectionner
1654 1252 77 42 des

366 1328 172 32 écossas
558 1329 84 41 que
660 1319 64 41 les
744 1319 122 51 goret
888 1317 235 51 mangiant,
1147 1316 109 42 mais
1275 1326 218 42 presoune
1517 1326 54 32 ne
1602 1316 43 52 ly
1675 1326 55 32 en

365 1383 178 41 bailloit.

419 1449 66 39 17.
515 1447 126 41 Enfin
661 1448 30 39 il
711 1447 143 51 songit
874 1447 43 39 in
939 1446 104 51 petit
1064 1456 53 31 en
1137 1444 29 41 li
1189 1455 187 40 mesme;
1399 1445 29 40 il
1449 1444 103 43 dicit
1569 1456 8 29 :
1607 1446 117 41 Com-

365 1515 115 41 benn
499 1527 26 39 y
546 1515 95 40 a-t-i
661 1514 108 41 dans
791 1515 37 40 le
861 1513 108 51 logis
999 1512 53 42 de
1086 1522 101 31 mon
1217 1511 102 52 père
1357 1511 109 42 dans
1499 1512 115 41 valet
1652 1512 79 53 chy

367 1581 128 39 avant
513 1578 81 41 dau
618 1580 98 49 pain
737 1577 23 41 à
781 1577 205 42 réfection
1007 1579 42 39 et
1069 1576 87 41 moi
1171 1576 43 51 je
1235 1586 175 31 mourre
1424 1576 96 52 ichy
1539 1576 52 41 de
1611 1576 116 41 faim.

419 1645 64 41 18.
518 1645 30 39 O
571 1644 90 41 faut
681 1644 87 51 qu’i
791 1653 68 31 me
876 1643 140 48 leuve,
1039 1652 85 41 que
1140 1641 143 52 j’enge
1303 1643 177 40 trouver
1501 1651 101 31 mon
1630 1641 102 52 père

366 1710 42 40 et
428 1709 87 50 qu’i
534 1709 30 40 li
582 1709 118 50 dige:
726 1709 95 40 Mon
849 1707 126 52 père,
1006 1706 72 53 j’ai
1112 1706 135 53 péché
1277 1716 23 32 a
1329 1708 151 40 contre
1509 1708 40 40 le
1578 1707 80 41 ciel
1693 1708 42 40 et

367 1774 157 41 devant
543 1784 125 31 vous.

421 1838 64 39 19.
517 1838 17 39 I
556 1847 54 31 ne
640 1847 102 31 seus
774 1846 77 41 pas
882 1835 128 52 digne
1042 1834 132 43 d’être
1213 1834 160 43 noumé
1411 1837 154 40 voutre
1602 1835 103 42 feuil
1720 1848 11 38 ;

367 1899 150 42 traitez
541 1910 66 31 me
628 1910 154 30 coume
802 1899 44 40 in
869 1899 52 41 de
941 1909 79 30 vos
1038 1899 128 40 valet.

421 1963 66 41 20.
518 1964 33 39 Il
573 1974 47 30 se
639 1963 103 42 levit
762 1963 85 40 don
869 1964 42 39 et
932 1961 128 52 partit
1080 1971 76 42 pre
1177 1961 106 41 aller
1302 1963 179 40 trouver
1498 1972 79 31 son
1598 1961 103 52 père
1721 1973 9 38 ;

369 2026 110 41 mais
500 2027 113 40 alors
630 2026 97 41 ch’il
749 2025 104 41 étoit
872 2035 158 32 encore
1049 2025 133 50 leung
1201 2024 52 41 de
1272 2024 58 52 ly,
1352 2024 30 40 il
1403 2025 191 41 accourit
1613 2025 98 41 l’em­

370 2091 171 41 brasser
558 2092 41 39 et
619 2091 39 40 le
678 2090 139 41 baisit.

422 2155 66 40 21.
520 2156 87 40 Son
628 2154 103 41 feuil
751 2154 30 40 li
800 2153 126 41 dicit:
951 2153 96 40 Mon
1069 2151 122 53 père,
1223 2164 27 40 y
1280 2152 38 41 ai
1352 2150 134 54 péché
1514 2154 149 39 contre
1694 2153 42 41 le

371 2220 80 41 ciel
472 2221 42 40 et
533 2219 157 41 devant
708 2229 125 39 vous,
855 2218 14 40 i
890 2227 55 32 ne
966 2227 101 31 seus
1086 2226 77 42 pas
1183 2216 128 52 digne
1330 2217 109 41 dans
1452 2216 139 42 cheux
1616 2226 113 32 mou-

373 2284 119 39 ment
510 2282 132 42 d’être
664 2280 160 43 noumé
844 2283 154 39 voutre
1017 2280 120 41 feuil.

425 2346 65 40 22.
522 2346 106 40 Mais
648 2346 40 40 le
710 2345 101 52 père
828 2344 102 41 dicit
956 2344 23 40 à
1000 2354 70 31 ses
1097 2344 114 41 valet
1228 2355 9 30 :
1270 2344 210 51 Apportez
1511 2344 29 40 li
1571 2344 53 42 be
1651 2344 88 42 vite

375 2420 76 31 son
475 2408 191 52 premier
686 2408 206 42 vilement
912 2409 42 39 et
975 2408 83 40 l’en
1078 2406 136 50 vitez,
1251 2410 153 39 mettez
1435 2407 31 42 li
1498 2407 72 42 ine
1601 2407 139 51 bague

377 2484 52 30 au
449 2474 70 40 det
537 2477 42 38 et
597 2473 76 41 dos
691 2473 146 40 soûlez
861 2481 84 30 aux
966 2470 118 52 péds.

428 2539 67 40 23.
527 2537 220 41 Conduzez
770 2546 68 31 me
858 2536 95 52 ichy
973 2536 40 40 le
1034 2535 156 42 beudet
1209 2545 100 42 gras
1328 2537 43 40 et
1397 2536 39 41 le
1467 2538 124 47 tuez,
1628 2545 100 32 man­

378 2614 133 41 geons
530 2606 41 37 et
591 2603 142 40 fasons
762 2600 293 52 grand-chére.

430 2669 65 39 24.
529 2669 129 40 Parce
677 2678 83 40 que
781 2666 68 40 vlà
872 2676 101 29 mon
995 2665 103 41 feuil
1120 2665 68 40 chi
1208 2674 74 32 era
1307 2666 112 39 mort
1452 2666 42 39 et
1525 2665 30 40 il
1591 2667 66 39 est
1684 2674 64 31 re-

377 2731 154 51 vingut
547 2742 9 38 ;
578 2730 31 41 il
631 2728 103 43 étoit
755 2728 154 52 predut
938 2729 43 40 et
1011 2727 29 40 il
1071 2729 65 39 est
1167 2726 201 42 retrouvé
1398 2730 42 38 et
1476 2727 54 41 ils
1568 2726 182 42 fasirent

379 2794 136 51 grand
536 2792 123 43 feéte.

432 2868 65 40 25.
531 2868 174 42 Prêtant
724 2876 80 32 son
825 2866 103 43 feuil
951 2864 130 43 ainné
1101 2865 67 42 chi
1189 2864 104 43 étoit
1314 2876 85 32 aux
1413 2867 179 52 champs
1623 2876 118 34 reve-

1552 2933 23 40 6
