2367 3818
945 580 45 6 —
1022 569 38 28 III
1092 581 45 6 —

358 676 217 57 répandue
611 675 104 44 mais
749 675 269 54 très-fausse;
1057 678 39 42 la
1127 676 241 57 généalogie
1399 674 73 45 des
1511 675 132 56 patois
1685 675 37 42 le

357 740 179 40 montre.

422 884 16 19 «
478 864 243 57 Quiconque
747 877 25 31 a
800 876 84 32 une
904 865 180 44 teinture
1105 864 51 44 de
1177 865 205 52 l’histoire,
1416 865 78 43 sait
1513 863 211 57 pourquoi

358 936 46 32 ce
425 924 63 44 fut
506 926 38 42 le
564 925 172 43 dialecte
750 924 51 44 de
822 924 114 43 Paris
951 928 40 40 et
1005 924 51 44 de
1072 924 81 44 l’Ile
1171 924 51 44 de
1238 925 161 43 France
1420 924 71 56 qui
1507 923 190 56 prévalut
1711 939 11 36 ;

358 984 106 43 mais
486 995 46 32 ce
555 986 127 54 qu’on
698 995 54 33 ne
772 983 79 44 sait
869 995 75 44 pas
980 983 110 44 aussi
1129 983 327 57 généralement,
1480 985 98 42 c’est
1597 983 127 56 qu’au

358 1044 67 43 fur
445 1047 41 40 et
507 1044 24 43 à
549 1054 169 33 mesure
741 1043 96 56 qu’il
856 1043 193 44 devenait
1067 1044 39 42 la
1128 1044 152 56 langue
1300 1043 57 44 du
1368 1055 117 44 pays,
1500 1043 26 42 il
1546 1042 179 43 recevait

358 1116 62 30 un
440 1102 284 45 considérable
758 1103 192 56 mélange
984 1103 52 44 de
1064 1102 153 45 formes
1245 1101 270 54 normandes,
1534 1101 190 57 picardes

360 1166 39 40 et
418 1166 153 40 autres.

423 1311 15 18 «
478 1293 56 42 Le
555 1291 101 44 fond
676 1303 81 45 que
777 1291 60 44 les
854 1291 132 57 patois
1008 1291 190 44 tiennent
1215 1291 71 44 des
1307 1292 192 43 dialectes
1517 1295 62 40 est
1596 1291 112 43 excel­

359 1352 87 42 lent
460 1357 40 38 et
521 1351 111 43 aussi
652 1351 176 53 français
844 1362 81 45 que
941 1362 45 32 ce
1003 1351 72 56 qui
1092 1354 63 40 est
1168 1351 104 44 dans
1286 1352 39 42 la
1339 1352 152 55 langue
1508 1350 193 44 littéraire
1713 1367 9 26 :

361 1422 54 32 on
436 1414 103 52 peut
560 1410 108 44 donc
697 1423 53 31 en
781 1421 99 33 user
916 1422 52 31 en
1003 1410 189 52 sécurité,
1229 1422 69 32 car
1333 1411 45 43 ils
1399 1415 95 39 sont
1525 1421 84 32 une
1631 1413 94 52 part

361 1470 122 43 réelle
505 1474 38 39 et
566 1470 115 43 saine
708 1470 52 43 de
779 1475 120 38 notre
933 1469 163 44 idiome.
1123 1471 89 41 Eux
1248 1471 110 42 seuls
1393 1481 51 32 en
1477 1473 248 40 conservent

361 1530 57 43 les
442 1530 228 42 caractères
692 1531 145 42 locaux
863 1529 83 56 qui,
968 1530 22 42 à
1010 1528 186 57 l'origine,
1222 1529 140 43 furent
1379 1529 226 56 empreints
1619 1528 105 44 dans

361 1589 57 43 les
439 1588 206 44 dialectes.
666 1589 28 42 Il
716 1593 62 39 est
796 1588 87 44 bon
905 1588 51 43 de
974 1588 134 44 savoir
1127 1599 94 45 que,
1243 1589 105 43 dans
1369 1601 59 32 un
1450 1588 135 56 grand
1605 1600 120 43 pays,

362 1659 45 32 ce
444 1647 108 44 n'est
590 1660 75 44 pas
704 1649 39 42 la
780 1649 152 55 langue
964 1659 85 32 une
1073 1652 40 39 et
1142 1659 225 32 commune
1398 1648 71 55 qui
1500 1647 132 44 forme
1667 1648 58 42 les

362 1707 191 43 dialectes
566 1724 11 37 ;
598 1719 45 32 ce
664 1710 94 41 sont
794 1709 57 41 les
879 1707 193 44 dialectes
1100 1707 71 56 qui
1203 1707 181 44 forment
1411 1709 38 41 la
1468 1708 153 55 langue
1640 1717 85 33 une

362 1771 40 39 et
423 1778 238 32 commune.
691 1785 15 18 »

419 1850 79 43 Les
532 1849 192 43 dialectes
760 1853 40 39 et
833 1850 58 42 les
919 1847 131 57 patois
1078 1847 51 44 de
1155 1848 39 42 la
1226 1849 155 42 France
1412 1851 74 40 ont
1513 1847 108 44 donc
1641 1859 84 31 une

362 1908 157 57 origine
537 1919 239 33 commune.
799 1908 51 43 Ils
873 1920 53 31 ne
947 1907 193 44 diffèrent
1160 1919 81 44 que
1259 1919 76 43 par
1357 1907 191 56 l’époque
1567 1907 51 43 de
1634 1906 92 44 leur

362 1968 219 43 existence.
602 1969 79 42 Les
699 1967 192 44 dialectes
914 1972 74 39 ont
1009 1979 106 43 paru
1138 1968 58 42 les
1216 1967 204 55 premiers
1442 1971 40 38 et
1501 1970 73 40 ont
1590 1966 136 44 fourni

359 2027 59 44 les
461 2027 201 44 éléments
703 2040 81 31 aux
828 2027 147 56 patois,
1015 2038 108 43 pour
1164 2027 90 42 leur
1292 2026 233 43 formation.
1572 2025 153 52 Aussi,

361 2087 202 43 certaines
596 2091 224 39 tournures
855 2086 260 56 archaïques,
1143 2085 201 43 certaines
1372 2085 261 56 expressions
1654 2085 73 56 qui

359 2157 56 32 ne
432 2158 44 32 se
496 2149 244 41 retrouvent
758 2145 93 56 plus
873 2145 104 44 dans
998 2149 121 39 notre
1140 2146 165 54 langue,
1327 2150 95 39 sont
1440 2145 156 43 restées
1620 2144 106 44 dans

359 2217 78 33 nos
457 2205 145 56 patois.
623 2206 108 43 C’est
751 2207 37 42 là
810 2205 97 56 qu’il
928 2205 88 42 faut
1035 2205 57 42 les
1114 2204 209 44 chercher.

419 2278 79 42 Les
526 2276 133 56 patois
681 2281 109 48 sont,
821 2288 54 32 en
900 2280 134 47 outre,
1056 2275 126 44 d’une
1204 2275 159 57 grande
1383 2285 218 34 ressource
1621 2287 109 44 pour

360 2336 287 56 l’étymologie.
677 2337 111 43 Nous
823 2349 26 42 y
870 2339 200 40 trouvons
1092 2335 74 43 des
1197 2334 195 44 radicaux
1416 2335 71 56 qui
1506 2347 109 32 nous
1635 2346 76 45 per­

359 2400 179 39 mettent
554 2396 51 43 de
627 2396 136 43 suivre
781 2397 39 42 la
834 2394 276 58 signification
1127 2398 40 39 et
1178 2393 40 43 la
1234 2394 222 44 formation
1477 2394 51 44 de
1549 2394 178 43 certains

358 2459 108 40 mots
502 2455 104 44 dans
640 2456 58 43 les
738 2455 135 44 divers
906 2454 301 57 changements
1238 2453 149 57 opérés
1421 2455 23 42 à
1476 2458 158 40 travers
1666 2453 60 44 les

361 2518 113 54 âges.

417 2587 113 43 Nous
565 2598 55 32 ne
643 2586 157 45 devons
823 2599 74 43 pas
917 2598 107 32 nous
1047 2588 189 41 montrer
1255 2589 93 52 trop
1370 2584 262 57 dédaigneux
1654 2584 72 44 des

358 2647 134 55 patois
523 2647 83 55 qui,
631 2646 102 44 ainsi
754 2658 81 45 que
856 2647 37 44 le
913 2650 186 39 constate
1120 2646 53 44 M.
1195 2644 139 53 Littré,
1356 2656 54 32 ne
1431 2649 94 39 sont
1544 2657 76 44 pas
1642 2656 85 32 une

358 2707 153 55 langue
539 2717 261 45 corrompue,
829 2706 104 43 mais
960 2716 85 33 une
1070 2704 154 57 langue
1246 2704 51 43 de
1330 2704 202 56 l’époque.
1569 2705 51 42 Ils
1653 2708 75 39 ont

358 2765 136 43 fourni
527 2765 220 56 beaucoup
781 2766 51 43 de
865 2769 108 39 mots
1010 2777 54 31 au
1097 2764 175 53 français
1302 2763 194 44 littéraire
1533 2769 39 38 et
1597 2764 46 43 ils
1673 2774 54 33 en

358 2825 255 43 fournissent
633 2825 164 56 chaque
814 2825 93 55 jour
929 2824 51 44 de
999 2835 235 33 nouveaux.

419 2895 90 51 Que
544 2895 52 44 de
630 2901 108 38 mots
774 2895 131 56 patois
941 2895 186 56 figurent
1160 2894 106 44 dans
1296 2893 60 44 les
1390 2893 149 44 Fables
1582 2893 51 44 de
1670 2893 59 43 La

358 2954 203 45 Fontaine
585 2959 41 40 et
646 2955 105 44 dans
774 2957 37 42 le
829 2954 161 45 théâtre
1010 2954 52 44 de
1083 2954 184 46 Molière!
1287 2954 172 44 Comme
1474 2964 67 34 ces
1555 2956 172 40 auteurs
