2424 3807
1209 539 53 7 —
1292 517 49 39 38
1372 540 52 4 —

705 677 220 35 Traduction
943 680 45 32 de
1004 681 35 31 la
1056 680 172 34 Parabole
1244 682 45 31 de
1301 681 154 33 l’Enfant
1471 683 192 40 Prodigue,
1682 693 45 23 en
1746 685 119 40 patois
1881 686 45 31 de

900 733 202 42 Besançon,
1122 734 253 42 département
1394 735 49 32 du
1461 735 136 33 Doubs.
1621 737 48 39 (M.
1693 736 41 41 i.)

694 837 62 41 H.
789 837 201 42 N'houme
1017 838 93 41 aîva
1134 839 84 41 clou
1251 839 159 41 offants.

693 901 63 41 12.
787 902 111 41 Dont
915 904 71 39 lou
1007 915 55 39 pu
1085 903 122 51 juêne
1232 903 109 42 diset
1358 904 38 40 ai
1418 914 78 31 son
1519 915 123 40 pere:
1669 904 100 52 père
1801 905 192 42 baillame

643 965 102 51 ç'qui
769 977 67 30 me
857 967 89 40 doit
964 968 129 42 rev'ni
1119 969 52 41 de
1191 970 156 40 vouete
1374 968 72 40 bin
1477 968 342 52 (prononciation
1856 971 143 51 latine)

640 1031 38 39 et
701 1030 68 40 lou
794 1030 100 51 père
914 1031 89 41 liou
1025 1032 47 41 fit
1092 1033 39 40 le
1151 1032 225 52 paithiaige
1402 1033 51 40 de
1473 1043 78 30 son
1573 1033 89 40 bin.

694 1095 65 40 13.
791 1095 248 51 Peudejou
1063 1096 116 51 aipre
1208 1097 70 40 lou
1304 1097 63 50 pei
1386 1096 131 51 juene
1537 1096 52 41 de
1622 1105 71 32 cas
1726 1096 81 40 clou
1845 1097 155 41 offants

641 1158 151 52 aiyanc
811 1160 203 42 raimassa
1040 1163 93 38 tout
1154 1161 102 51 ç'qui
1280 1162 120 39 Taira
1422 1171 78 31 sen
1518 1162 121 40 ollait
1667 1160 108 42 dans
1805 1173 58 28 un
1901 1172 100 41 pays

642 1221 221 52 aitrangie,
888 1223 72 40 bin
983 1224 104 50 loin,
1112 1235 55 30 ou
1194 1236 24 41 y
1238 1224 179 52 dissipet
1438 1227 91 38 tout
1548 1235 78 30 son
1648 1223 72 41 bin
1743 1234 52 30 en
1829 1206 165 58 daibau-

641 1287 47 39 ch
696 1295 58 32 es.

696 1351 63 41 14.
792 1350 125 52 Aipre
939 1364 84 39 que
1043 1353 103 41 l’eut
1167 1355 91 40 tout
1278 1353 219 51 claipensie
1519 1353 55 41 lie
1595 1351 169 42 survint
1786 1363 54 30 ne
1869 1354 134 49 grand

641 1413 176 44 faimine
838 1425 53 31 en
914 1416 142 52 ç’pays
1076 1418 72 49 qui
1171 1419 41 40 et
1232 1430 23 39 y
1281 1419 258 39 commencet
1565 1416 38 40 ai
1633 1414 128 43 chère
1797 1416 107 40 dans
1933 1417 69 40 lou

642 1479 164 43 besoin.

698 1558 60 39 15.
793 1557 30 39 Y
846 1557 88 40 s’en
957 1558 119 40 ollait
1106 1557 111 42 donc
1246 1559 41 38 et
1318 1555 271 43 s’aittaichait
1618 1564 53 31 au
1702 1553 165 41 sarvice
1902 1554 102 40 d’un

642 1620 76 39 clas
743 1619 224 40 haibitants
989 1620 38 40 cli
1052 1630 103 42 pays
1171 1630 85 40 que
1277 1618 227 52 l’envoyait
1521 1628 53 30 en
1602 1617 62 40 sai
1687 1625 179 31 moeson
1898 1626 106 40 pour

643 1696 23 39 y
688 1683 170 51 gaidhia
880 1684 41 39 la
941 1684 117 50 poès.

700 1756 62 41 16.
796 1757 48 39 Et
865 1757 131 41 liouls
1016 1758 56 40 ita
1095 1759 70 39 bin
1191 1767 71 32 ase
1293 1757 51 41 de
1377 1757 171 51 remplit
1579 1757 62 40 sai
1675 1765 132 42 panse
1838 1756 75 40 das
1950 1756 51 39 ai-

644 1830 177 32 cousses
858 1832 83 39 que
974 1822 64 40 las
1084 1822 101 51 poès
1219 1821 236 51 maingint,
1501 1820 108 41 mais
1653 1829 88 31 nun
1782 1829 54 31 ne
1876 1820 39 51 ly
1954 1830 52 31 en

645 1884 201 42 bailloue.

704 1962 57 39 17.
793 1961 125 40 Enfin
941 1962 133 40 aitant
1094 1963 145 40 rentra
1260 1971 52 30 en
1338 1962 40 38 lu
1404 1960 137 42 même
1562 1973 24 39 y
1607 1971 45 30 se
1673 1960 108 41 diset
1798 1970 7 28 :
1836 1960 172 40 combin

645 2037 25 39 y
692 2024 58 41 ait
771 2036 25 27 u
827 2025 107 40 dans
966 2025 54 39 lai
1053 2025 178 42 moêson
1264 2025 51 40 de
1352 2035 100 29 mon
1485 2024 100 51 père
1617 2024 52 41 de
1702 2023 235 41 sarviteurs
1972 2024 38 39 ai

646 2099 143 41 gages,
812 2090 131 49 qu’on
967 2090 96 50 plus
1082 2090 51 40 de
1156 2089 98 52 pain
1278 2099 84 40 que
1384 2099 53 30 ne
1458 2089 95 40 leur
1586 2099 52 30 en
1674 2088 89 40 faut
1793 2090 41 38 et
1867 2087 85 40 moi
1986 2100 26 39 y

647 2163 76 31 seu
743 2153 37 41 ei
803 2153 37 39 ai
864 2153 105 41 meri
992 2153 51 41 de
1066 2154 114 39 faim.

704 2229 60 39 18.
798 2228 106 40 Faut
924 2228 97 51 qu’y
1044 2238 67 31 me
1134 2227 92 42 lève
1247 2230 42 37 et
1308 2227 97 51 qu’y
1427 2227 84 39 olle
1534 2227 150 39 trouva
1706 2234 100 30 mon
1840 2223 100 52 père
1972 2226 41 38 et

648 2293 98 51 qu’y
766 2293 27 39 li
815 2294 91 40 dise
928 2305 7 28 :
962 2295 125 48 Pere,
1122 2306 24 39 y
1180 2304 22 30 a
1236 2291 149 53 peiché
1412 2294 149 39 contre
1592 2292 73 39 lou
1699 2290 64 41 cie
1793 2292 40 39 et
1865 2291 149 40 contre

649 2367 123 30 vous.

704 2432 63 40 19.
800 2432 47 39 Et
868 2443 23 40 y
923 2442 53 30 ne
997 2441 75 30 seu
1113 2441 75 40 pas
1218 2430 152 50 deigne
1400 2428 119 41 dêtre
1549 2427 166 51 aippela
1745 2428 155 39 vouete
1934 2429 77 42 lis,

651 2496 125 41 traita
799 2507 67 30 me
892 2506 145 31 coume
1073 2495 88 40 l’un
1192 2494 76 42 das
1298 2496 237 39 sarviteurs
1564 2503 84 40 que
1677 2493 99 39 sont
1809 2491 39 39 ai
1881 2501 135 30 voues

651 2560 160 52 gaiges.

705 2639 65 39 20.
804 2639 30 38 Y
857 2647 46 31 se
924 2638 130 40 levait
1075 2637 111 39 donc
1215 2638 39 37 et
1288 2644 74 31 sen
1395 2634 91 40 vint
1521 2636 149 38 trouva
1701 2642 78 30 son
1816 2630 124 51 père,
1978 2631 41 39 et

655 2704 174 49 lorsque
848 2702 94 41 Téta
963 2712 139 32 encou
1125 2702 70 39 bin
1217 2700 86 41 loiu
1327 2710 79 30 son
1427 2698 100 52 père
1547 2697 250 52 l'aipparçut
1822 2698 40 38 et
1882 2705 52 30 en
1958 2694 61 40 fut

656 2765 172 44 touchié
848 2767 53 41 de
919 2767 289 50 compassion,
1233 2766 41 39 et
1296 2767 170 37 courant
1494 2763 38 39 ai
1554 2764 43 39 lu
1619 2775 24 40 y
1665 2771 45 32 se
1727 2760 122 52 jetlet
1869 2759 39 40 ai
1939 2769 78 30 son

657 2841 104 31 coue
785 2834 42 37 et
846 2831 71 39 lou
941 2830 133 40 baisa.

710 2896 66 40 21.
807 2896 48 39 Et
876 2905 78 31 son
976 2894 50 41 fis
1048 2895 55 41 lie
1124 2893 108 42 diset
1248 2904 7 27 :
1279 2892 118 44 Père,
1421 2904 23 40 y
1466 2903 22 30 a
1510 2890 163 52 peichié
1694 2891 148 39 contre
1862 2890 70 39 lou
1955 2887 64 41 cie
