2311 3813
1068 1109 107 53 EN
1227 1108 260 55 EENTE

649 1440 267 37 GLOSSAIRE
948 1441 70 35 DU
1050 1439 208 45 POITOU,
1295 1441 64 36 DE
1393 1441 63 35 LA
1483 1441 281 37 SAINTONGE
1799 1441 60 36 ET
1895 1442 63 36 DE

602 1500 201 43 L’AUNIS,
823 1512 60 35 par
903 1501 40 34 L.
966 1501 109 35 Favre
1093 1512 8 32 ;
1125 1511 13 24 1
1161 1500 72 36 vol.
1255 1500 102 36 in-80.

650 1569 46 47 (Il
714 1580 45 25 ne
787 1577 90 28 reste
903 1569 78 47 plus
1003 1580 67 36 que
1089 1569 59 36 des
1167 1569 227 48 exemplaires
1413 1581 58 24 sur
1490 1570 116 47 papier
1626 1572 19 33 à
1662 1570 77 35 bras
1758 1581 44 24 au
1824 1570 74 47 prix
1917 1570 43 36 de

700 1639 41 25 12
763 1628 63 47 fr.)

655 1765 64 36 LA
743 1765 223 36 MIZAILLE
996 1765 32 35 A
1054 1764 182 45 TAUNY,
1271 1777 62 35 par
1359 1765 113 48 Jehan
1496 1766 176 43 Drouhet,
1695 1766 217 47 apothicaire
1940 1769 20 33 à

603 1822 298 45 Saint-Maixent,
923 1824 158 36 comédie
1107 1836 44 24 en
1180 1826 111 45 patois
1321 1827 176 45 poitevin,
1522 1838 83 24 avec
1623 1838 70 24 une
1712 1827 117 35 notice
1852 1835 34 27 et
1911 1838 49 23 un

600 1883 223 47 supplément
840 1895 43 24 au
909 1883 176 36 Glossaire
1103 1895 61 35 par
1183 1884 43 36 L.
1247 1884 128 44 Favre;
1408 1895 11 24 1
1449 1884 71 36 vol.
1546 1884 112 44 in-18,
1682 1885 75 46 prix
1787 1893 14 36 5
1824 1884 58 43 fr.,
1903 1895 59 24 sur

602 1942 119 47 papier
741 1944 20 33 à
779 1943 90 35 bras.

648 2077 357 38 DICTIONNAIRE
1040 2078 303 42 HISTORIQUE
1378 2079 63 35 DE
1472 2078 222 37 L’ANCIEN
1729 2079 233 37 LANGAGE

601 2137 251 45 FRANÇAIS,
874 2149 61 36 par
950 2138 50 35 La
1020 2137 119 36 Curne
1158 2138 43 35 de
1221 2138 278 47 Sainte-Palaye,
1522 2138 118 47 publié
1658 2150 61 35 par
1737 2139 50 35 les
1805 2140 95 34 soins
1919 2139 43 35 de

600 2194 42 36 L.
670 2195 108 36 Favre
797 2203 35 27 et
851 2206 83 25 avec
953 2195 33 35 le
1006 2206 171 25 concours
1201 2196 43 35 de
1267 2197 51 35 M.
1347 2197 113 45 Pajot,
1494 2196 440 48 archiviste-paléographe
1950 2209 9 32 ;

606 2265 42 26 10
666 2254 73 37 vol.
758 2255 74 43 in-4
835 2265 16 17 0
854 2282 10 16 ,
886 2258 19 33 à
927 2266 43 36 30
988 2255 43 36 fr.
1053 2255 33 36 le
1104 2256 144 36 volume
1275 2267 90 35 pour
1393 2256 49 36 les
1471 2257 266 47 souscripteurs.
1763 2266 14 36 5
1801 2257 161 36 volumes

601 2321 82 28 sont
698 2324 46 24 en
760 2321 117 29 vente.
